@article{liu2021datasets,
  title={Datasets and Evaluation for Simultaneous Localization and Mapping Related Problems: A Comprehensive Survey},
  author={Liu, Yuanzhi and Fu, Yujia and Chen, Fengdong and Goossens, Bart and Tao, Wei and Zhao, Hui},
  journal={arXiv e-prints},
  pages={arXiv--2102},
  year={2021}
}

@article{shan2021lvi,
  title={LVI-SAM: Tightly-coupled Lidar-Visual-Inertial Odometry via Smoothing and Mapping},
  author={Shan, Tixiao and Englot, Brendan and Ratti, Carlo and Rus, Daniela},
  journal={arXiv preprint arXiv:2104.10831},
  year={2021}
}


@article{lin2021r2live,
  title={R2LIVE: A Robust, Real-time, LiDAR-Inertial-Visual tightly-coupled state Estimator and mapping},
  author={Lin, Jiarong and Zheng, Chunran and Xu, Wei and Zhang, Fu},
  journal={arXiv preprint arXiv:2102.12400},
  year={2021}
}

@article{cadena2016past,
  title={Past, present, and future of simultaneous localization and mapping: Toward the robust-perception age},
  author={Cadena, Cesar and Carlone, Luca and Carrillo, Henry and Latif, Yasir and Scaramuzza, Davide and Neira, Jos{\'e} and Reid, Ian and Leonard, John J},
  journal={IEEE Transactions on robotics},
  volume={32},
  number={6},
  pages={1309--1332},
  year={2016},
  publisher={IEEE}
}

@inproceedings{shan2020lio,
  title={Lio-sam: Tightly-coupled lidar inertial odometry via smoothing and mapping},
  author={Shan, Tixiao and Englot, Brendan and Meyers, Drew and Wang, Wei and Ratti, Carlo and Rus, Daniela},
  booktitle={2020 IEEE/RSJ International Conference on Intelligent Robots and Systems (IROS)},
  pages={5135--5142},
  year={2020},
  organization={IEEE}
}


@inproceedings{bogdoll2021description,
  title={Description of corner cases in automated driving: Goals and challenges},
  author={Bogdoll, Daniel and Breitenstein, Jasmin and Heidecker, Florian and Bieshaar, Maarten and Sick, Bernhard and Fingscheidt, Tim and Z{\"o}llner, Marius},
  booktitle={Proceedings of the IEEE/CVF International Conference on Computer Vision},
  pages={1023--1028},
  year={2021}
}
@article{cao2021gvins,
  title={GVINS: Tightly Coupled GNSS-Visual-Inertial for Smooth and Consistent State Estimation},
  author={Cao, Shaozu and Lu, Xiuyuan and Shen, Shaojie},
  journal={arXiv e-prints},
  pages={arXiv--2103},
  year={2021}
}


@inproceedings{zhang2016benefit,
  title={Benefit of large field-of-view cameras for visual odometry},
  author={Zhang, Zichao and Rebecq, Henri and Forster, Christian and Scaramuzza, Davide},
  booktitle={2016 IEEE International Conference on Robotics and Automation (ICRA)},
  pages={801--808},
  year={2016},
  organization={IEEE}
}

@article{geiger2013vision,
  title={Vision meets robotics: The kitti dataset},
  author={Geiger, Andreas and Lenz, Philip and Stiller, Christoph and Urtasun, Raquel},
  journal={The International Journal of Robotics Research},
  volume={32},
  number={11},
  pages={1231--1237},
  year={2013},
  publisher={Sage Publications Sage UK: London, England}
}

@inproceedings{schubert2018tum,
  title={The TUM VI benchmark for evaluating visual-inertial odometry},
  author={Schubert, David and Goll, Thore and Demmel, Nikolaus and Usenko, Vladyslav and St{\"u}ckler, J{\"o}rg and Cremers, Daniel},
  booktitle={2018 IEEE/RSJ International Conference on Intelligent Robots and Systems (IROS)},
  pages={1680--1687},
  year={2018},
  organization={IEEE}
}

@article{burri2016euroc,
  title={The EuRoC micro aerial vehicle datasets},
  author={Burri, Michael and Nikolic, Janosch and Gohl, Pascal and Schneider, Thomas and Rehder, Joern and Omari, Sammy and Achtelik, Markus W and Siegwart, Roland},
  journal={The International Journal of Robotics Research},
  volume={35},
  number={10},
  pages={1157--1163},
  year={2016},
  publisher={SAGE Publications Sage UK: London, England}
}

@article{zou2012coslam,
  title={Coslam: Collaborative visual slam in dynamic environments},
  author={Zou, Danping and Tan, Ping},
  journal={IEEE transactions on pattern analysis and machine intelligence},
  volume={35},
  number={2},
  pages={354--366},
  year={2012},
  publisher={IEEE}
}

@article{urban2016multicol,
  title={Multicol-slam-a modular real-time multi-camera slam system},
  author={Urban, Steffen and Hinz, Stefan},
  journal={arXiv preprint arXiv:1610.07336},
  year={2016}
}

@inproceedings{seok2019rovo,
  title={Rovo: Robust omnidirectional visual odometry for wide-baseline wide-fov camera systems},
  author={Seok, Hochang and Lim, Jongwoo},
  booktitle={2019 International Conference on Robotics and Automation (ICRA)},
  pages={6344--6350},
  year={2019},
  organization={IEEE}
}

@inproceedings{heng2019project,
  title={Project autovision: Localization and 3d scene perception for an autonomous vehicle with a multi-camera system},
  author={Heng, Lionel and Choi, Benjamin and Cui, Zhaopeng and Geppert, Marcel and Hu, Sixing and Kuan, Benson and Liu, Peidong and Nguyen, Rang and Yeo, Ye Chuan and Geiger, Andreas and others},
  booktitle={2019 International Conference on Robotics and Automation (ICRA)},
  pages={4695--4702},
  year={2019},
  organization={IEEE}
}
@article{liu2022rgb,
  title={RGB-D Inertial Odometry for a Resource-Restricted Robot in Dynamic Environments},
  author={Liu, Jianheng and Li, Xuanfu and Liu, Yueqian and Chen, Haoyao},
  journal={IEEE Robotics and Automation Letters},
  volume={7},
  number={4},
  pages={9573--9580},
  year={2022},
  publisher={IEEE}
}
@article{li2020p,
  title={P 3-LOAM: PPP/LiDAR Loosely Coupled SLAM With Accurate Covariance Estimation and Robust RAIM in Urban Canyon Environment},
  author={Li, Tao and Pei, Ling and Xiang, Yan and Wu, Qi and Xia, Songpengcheng and Tao, Lihao and Guan, Xujun and Yu, Wenxian},
  journal={IEEE Sensors Journal},
  volume={21},
  number={5},
  pages={6660--6671},
  year={2020},
  publisher={IEEE}
}
@inproceedings{yu2018ds,
  title={DS-SLAM: A semantic visual SLAM towards dynamic environments},
  author={Yu, Chao and Liu, Zuxin and Liu, Xin-Jun and Xie, Fugui and Yang, Yi and Wei, Qi and Fei, Qiao},
  booktitle={2018 IEEE/RSJ International Conference on Intelligent Robots and Systems (IROS)},
  pages={1168--1174},
  year={2018},
  organization={IEEE}
}
@article{marais2014toward,
  title={Toward accurate localization in guided transport: Combining GNSS data and imaging information},
  author={Marais, Juliette and Meurie, Cyril and Attia, Dhouha and Ruichek, Yassine and Flancquart, Amaury},
  journal={Transportation Research Part C: Emerging Technologies},
  volume={43},
  pages={188--197},
  year={2014},
  publisher={Elsevier}
}

@article{cao2022gvins,
  title={Gvins: Tightly coupled gnss--visual--inertial fusion for smooth and consistent state estimation},
  author={Cao, Shaozu and Lu, Xiuyuan and Shen, Shaojie},
  journal={IEEE Transactions on Robotics},
  year={2022},
  publisher={IEEE}
}

@inproceedings{delaune2019thermal,
  title={Thermal-inertial odometry for autonomous flight throughout the night},
  author={Delaune, Jeff and Hewitt, Robert and Lytle, Laura and Sorice, Cristina and Thakker, Rohan and Matthies, Larry},
  booktitle={2019 IEEE/RSJ International Conference on Intelligent Robots and Systems (IROS)},
  pages={1122--1128},
  year={2019},
  organization={IEEE}
}

@article{rebecq2016evo,
  title={Evo: A geometric approach to event-based 6-dof parallel tracking and mapping in real time},
  author={Rebecq, Henri and Horstsch{\"a}fer, Timo and Gallego, Guillermo and Scaramuzza, Davide},
  journal={IEEE Robotics and Automation Letters},
  volume={2},
  number={2},
  pages={593--600},
  year={2016},
  publisher={IEEE}
}

@inproceedings{zihao2017event,
  title={Event-based visual inertial odometry},
  author={Zihao Zhu, Alex and Atanasov, Nikolay and Daniilidis, Kostas},
  booktitle={Proceedings of the IEEE Conference on Computer Vision and Pattern Recognition (CVPR)},
  pages={5391--5399},
  year={2017}
}

@article{vidal2018ultimate,
  title={Ultimate SLAM? Combining events, images, and IMU for robust visual SLAM in HDR and high-speed scenarios},
  author={Vidal, Antoni Rosinol and Rebecq, Henri and Horstschaefer, Timo and Scaramuzza, Davide},
  journal={IEEE Robotics and Automation Letters},
  volume={3},
  number={2},
  pages={994--1001},
  year={2018},
  publisher={IEEE}
}

@inproceedings{sturm2012benchmark,
  title={A benchmark for the evaluation of RGB-D SLAM systems},
  author={Sturm, J{\"u}rgen and Engelhard, Nikolas and Endres, Felix and Burgard, Wolfram and Cremers, Daniel},
  booktitle={2012 IEEE/RSJ international conference on intelligent robots and systems (IROS)},
  pages={573--580},
  year={2012},
  organization={IEEE}
}

@inproceedings{lv2020targetless,
  title={Targetless calibration of lidar-imu system based on continuous-time batch estimation},
  author={Lv, Jiajun and Xu, Jinhong and Hu, Kewei and Liu, Yong and Zuo, Xingxing},
  booktitle={2020 IEEE/RSJ International Conference on Intelligent Robots and Systems (IROS)},
  pages={9968--9975},
  year={2020},
  organization={IEEE}
}

@inproceedings{wen2020urbanloco,
  title={Urbanloco: a full sensor suite dataset for mapping and localization in urban scenes},
  author={Wen, Weisong and Zhou, Yiyang and Zhang, Guohao and Fahandezh-Saadi, Saman and Bai, Xiwei and Zhan, Wei and Tomizuka, Masayoshi and Hsu, Li-Ta},
  booktitle={2020 IEEE International Conference on Robotics and Automation (ICRA)},
  pages={2310--2316},
  year={2020},
  organization={IEEE}
}

@inproceedings{shi2020we,
  title={Are we ready for service robots? The OpenLORIS-scene datasets for lifelong SLAM},
  author={Shi, Xuesong and Li, Dongjiang and Zhao, Pengpeng and Tian, Qinbin and Tian, Yuxin and Long, Qiwei and Zhu, Chunhao and Song, Jingwei and Qiao, Fei and Song, Le and others},
  booktitle={2020 IEEE International Conference on Robotics and Automation (ICRA)},
  pages={3139--3145},
  year={2020},
  organization={IEEE}
}

@article{benseddik2020panoramis,
  title={PanoraMIS: An ultra-wide field of view image dataset for vision-based robot-motion estimation},
  author={Benseddik, Houssem-Eddine and Morbidi, Fabio and Caron, Guillaume},
  journal={The International Journal of Robotics Research},
  volume={39},
  number={9},
  pages={1037--1051},
  year={2020},
  publisher={SAGE Publications Sage UK: London, England}
}


@article{leung2011utias,
  title={The UTIAS multi-robot cooperative localization and mapping dataset},
  author={Leung, Keith YK and Halpern, Yoni and Barfoot, Timothy D and Liu, Hugh HT},
  journal={The International Journal of Robotics Research},
  volume={30},
  number={8},
  pages={969--974},
  year={2011},
  publisher={SAGE Publications Sage UK: London, England}
}

@article{urban2017lafida,
  title={LaFiDa—a laserscanner multi-fisheye camera dataset},
  author={Urban, Steffen and Jutzi, Boris},
  journal={Journal of Imaging},
  volume={3},
  number={1},
  pages={5},
  year={2017},
  publisher={Multidisciplinary Digital Publishing Institute}
}

@article{carlevaris2016university,
  title={University of Michigan North Campus long-term vision and lidar dataset},
  author={Carlevaris-Bianco, Nicholas and Ushani, Arash K and Eustice, Ryan M},
  journal={The International Journal of Robotics Research},
  volume={35},
  number={9},
  pages={1023--1035},
  year={2016},
  publisher={Sage Publications Sage UK: London, England}
}

@inproceedings{caesar2020nuscenes,
  title={nuscenes: A multimodal dataset for autonomous driving},
  author={Caesar, Holger and Bankiti, Varun and Lang, Alex H and Vora, Sourabh and Liong, Venice Erin and Xu, Qiang and Krishnan, Anush and Pan, Yu and Baldan, Giancarlo and Beijbom, Oscar},
  booktitle={Proceedings of the IEEE/CVF conference on computer vision and pattern recognition (CVPR)},
  pages={11621--11631},
  year={2020}
}
@inproceedings{sun2020scalability,
  title={Scalability in perception for autonomous driving: Waymo open dataset},
  author={Sun, Pei and Kretzschmar, Henrik and Dotiwalla, Xerxes and Chouard, Aurelien and Patnaik, Vijaysai and Tsui, Paul and Guo, James and Zhou, Yin and Chai, Yuning and Caine, Benjamin and others},
  booktitle={Proceedings of the IEEE/CVF Conference on Computer Vision and Pattern Recognition (CVPR)},
  pages={2446--2454},
  year={2020}
}





@article{choi2018kaist,
  title={KAIST multi-spectral day/night data set for autonomous and assisted driving},
  author={Choi, Yukyung and Kim, Namil and Hwang, Soonmin and Park, Kibaek and Yoon, Jae Shin and An, Kyounghwan and Kweon, In So},
  journal={IEEE Transactions on Intelligent Transportation Systems},
  volume={19},
  number={3},
  pages={934--948},
  year={2018},
  publisher={IEEE}
}



@article{kato2015open,
  title={An open approach to autonomous vehicles},
  author={Kato, Shinpei and Takeuchi, Eijiro and Ishiguro, Yoshio and Ninomiya, Yoshiki and Takeda, Kazuya and Hamada, Tsuyoshi},
  journal={IEEE Micro},
  volume={35},
  number={6},
  pages={60--68},
  year={2015},
  publisher={IEEE}
}

@inproceedings{furgale2013unified,
  title={Unified temporal and spatial calibration for multi-sensor systems},
  author={Furgale, Paul and Rehder, Joern and Siegwart, Roland},
  booktitle={2013 IEEE/RSJ International Conference on Intelligent Robots and Systems (IROS)},
  pages={1280--1286},
  year={2013},
  organization={IEEE}
}


@article{kannala2006generic,
  title={A generic camera model and calibration method for conventional, wide-angle, and fish-eye lenses},
  author={Kannala, Juho and Brandt, Sami S},
  journal={IEEE transactions on pattern analysis and machine intelligence},
  volume={28},
  number={8},
  pages={1335--1340},
  year={2006},
  publisher={IEEE}
}

@article{mur2015orb,
  title={ORB-SLAM: a versatile and accurate monocular SLAM system},
  author={Mur-Artal, Raul and Montiel, Jose Maria Martinez and Tardos, Juan D},
  journal={IEEE transactions on robotics},
  volume={31},
  number={5},
  pages={1147--1163},
  year={2015},
  publisher={IEEE}
}

@article{campos2021orb,
  title={ORB-SLAM3: An Accurate Open-Source Library for Visual, Visual--Inertial, and Multimap SLAM},
  author={Campos, Carlos and Elvira, Richard and Rodr{\'\i}guez, Juan J G{\'o}mez and Montiel, Jos{\'e} MM and Tard{\'o}s, Juan D},
  journal={IEEE Transactions on Robotics},
  year={2021},
  publisher={IEEE}
}

@inproceedings{wang2018cubemapslam,
  title={Cubemapslam: A piecewise-pinhole monocular fisheye slam system},
  author={Wang, Yahui and Cai, Shaojun and Li, Shi-Jie and Liu, Yun and Guo, Yangyan and Li, Tao and Cheng, Ming-Ming},
  booktitle={{Asian Conference on Computer Vision}},
  pages={34--49},
  year={2018},
  organization={Springer}
}

@article{qin2018vins,
  title={Vins-mono: A robust and versatile monocular visual-inertial state estimator},
  author={Qin, Tong and Li, Peiliang and Shen, Shaojie},
  journal={IEEE Transactions on Robotics},
  volume={34},
  number={4},
  pages={1004--1020},
  year={2018},
  publisher={IEEE}
}

@inproceedings{shan2018lego,
  title={Lego-loam: Lightweight and ground-optimized lidar odometry and mapping on variable terrain},
  author={Shan, Tixiao and Englot, Brendan},
  booktitle={2018 IEEE/RSJ International Conference on Intelligent Robots and Systems (IROS)},
  pages={4758--4765},
  year={2018},
  organization={IEEE}
}


@article{ji2020panoramic,
  title={Panoramic SLAM from a multiple fisheye camera rig},
  author={Ji, Shunping and Qin, Zijie and Shan, Jie and Lu, Meng},
  journal={ISPRS Journal of Photogrammetry and Remote Sensing},
  volume={159},
  pages={169--183},
  year={2020},
  publisher={Elsevier}
}

@inproceedings{zhang2014loam,
  title={LOAM: Lidar Odometry and Mapping in Real-time.},
  author={Zhang, Ji and Singh, Sanjiv},
  booktitle={Robotics: Science and Systems},
  volume={2},
  number={9},
  year={2014}
}

@inproceedings{scaramuzza2006toolbox,
  title={A toolbox for easily calibrating omnidirectional cameras},
  author={Scaramuzza, Davide and Martinelli, Agostino and Siegwart, Roland},
  booktitle={2006 IEEE/RSJ International Conference on Intelligent Robots and Systems (IROS)},
  pages={5695--5701},
  year={2006},
  organization={IEEE}
}

@inproceedings{mei2007single,
  title={Single view point omnidirectional camera calibration from planar grids},
  author={Mei, Christopher and Rives, Patrick},
  booktitle={Proceedings 2007 IEEE International Conference on Robotics and Automation (ICRA)},
  pages={3945--3950},
  year={2007},
  organization={IEEE}
}

@TechReport{UCAM-CL-TR-696,
  author =  {Woodman, Oliver J.},
  title =   {{An introduction to inertial navigation}},
  year =   2007,
  month =   aug,
  institution =  {University of Cambridge, Computer Laboratory},
  doi =   {10.48456/tr-696},
  number =   {UCAM-CL-TR-696}
}

@article{qin2019general,
  title={A general optimization-based framework for global pose estimation with multiple sensors},
  author={Qin, Tong and Cao, Shaozu and Pan, Jie and Shen, Shaojie},
  journal={arXiv preprint arXiv:1901.03642},
  year={2019}
}


@inproceedings{ligocki2020brno,
  title={Brno urban dataset-the new data for self-driving agents and mapping tasks},
  author={Ligocki, Adam and Jelinek, Ales and Zalud, Ludek},
  booktitle={2020 IEEE International Conference on Robotics and Automation (ICRA)},
  pages={3284--3290},
  year={2020},
  organization={IEEE}
}


@inproceedings{takasu2009development,
  title={Development of the low-cost RTK-GPS receiver with an open source program package RTKLIB},
  author={Takasu, Tomoji and Yasuda, Akio},
  booktitle={International symposium on GPS/GNSS},
  volume={1},
  year={2009},
  organization={International Convention Center Jeju Korea}
}

@article{li2018interiornet,
  title={Interiornet: Mega-scale multi-sensor photo-realistic indoor scenes dataset},
  author={Li, Wenbin and Saeedi, Sajad and McCormac, John and Clark, Ronald and Tzoumanikas, Dimos and Ye, Qing and Huang, Yuzhong and Tang, Rui and Leutenegger, Stefan},
  journal={arXiv preprint arXiv:1809.00716},
  year={2018}
}

@article{mueggler2017event,
  title={The event-camera dataset and simulator: Event-based data for pose estimation, visual odometry, and SLAM},
  author={Mueggler, Elias and Rebecq, Henri and Gallego, Guillermo and Delbruck, Tobi and Scaramuzza, Davide},
  journal={The International Journal of Robotics Research},
  volume={36},
  number={2},
  pages={142--149},
  year={2017},
  publisher={SAGE Publications Sage UK: London, England}
}

@inproceedings{delmerico2019we,
  title={Are we ready for autonomous drone racing? the UZH-FPV drone racing dataset},
  author={Delmerico, Jeffrey and Cieslewski, Titus and Rebecq, Henri and Faessler, Matthias and Scaramuzza, Davide},
  booktitle={2019 International Conference on Robotics and Automation (ICRA)},
  pages={6713--6719},
  year={2019},
  organization={IEEE}
}


@article{cheng2021we,
  title={Are We Ready for Unmanned Surface Vehicles in Inland Waterways? The USVInland Multisensor Dataset and Benchmark},
  author={Cheng, Yuwei and Jiang, Mengxin and Zhu, Jiannan and Liu, Yimin},
  journal={IEEE Robotics and Automation Letters},
  volume={6},
  number={2},
  pages={3964--3970},
  year={2021},
  publisher={IEEE}
}


@article{jeong2019complex,
  title={Complex urban dataset with multi-level sensors from highly diverse urban environments},
  author={Jeong, Jinyong and Cho, Younggun and Shin, Young-Sik and Roh, Hyunchul and Kim, Ayoung},
  journal={The International Journal of Robotics Research},
  volume={38},
  number={6},
  pages={642--657},
  year={2019},
  publisher={SAGE Publications Sage UK: London, England}
}

@inproceedings{ramezani2020newer,
  title={The Newer College Dataset: Handheld LiDAR, inertial and vision with ground truth},
  author={Ramezani, Milad and Wang, Yiduo and Camurri, Marco and Wisth, David and Mattamala, Matias and Fallon, Maurice},
  booktitle={2020 IEEE/RSJ International Conference on Intelligent Robots and Systems (IROS)},
  pages={4353--4360},
  year={2020},
  organization={IEEE}
}


@inproceedings{ang2021robust,
  title={Robust Initialization of Multi-camera SLAM with Limited View Overlaps and Inaccurate Extrinsic Calibration},
  author={Ang Li, Danping Zou, and Wenxian Yu},
  booktitle={2021 IEEE/RSJ International Conference on Intelligent Robots and Systems (IROS)},
  year={2021},
  organization={IEEE}
}


@article{geyer2020a2d2,
  title={A2D2: Audi autonomous driving dataset},
  author={Geyer, Jakob and Kassahun, Yohannes and Mahmudi, Mentar and Ricou, Xavier and Durgesh, Rupesh and Chung, Andrew S and Hauswald, Lorenz and Pham, Viet Hoang and M{\"u}hlegg, Maximilian and Dorn, Sebastian and others},
  journal={arXiv preprint arXiv:2004.06320},
  year={2020}
}


@inproceedings{martinez2020pit30m,
  title={Pit30m: A benchmark for global localization in the age of self-driving cars},
  author={Martinez, Julieta and Doubov, Sasha and Fan, Jack and Wang, Shenlong and M{\'a}ttyus, Gell{\'e}rt and Urtasun, Raquel and others},
  booktitle={2020 IEEE/RSJ International Conference on Intelligent Robots and Systems (IROS)},
  pages={4477--4484},
  year={2020},
  organization={IEEE}
}

@misc{MichaelGrupp2018,
  author = {MichaelGrupp},
  title = {evo},
  year = {2018},
  publisher = {GitHub},
  journal = {GitHub repository},
  howpublished = {\url{https://github.com/MichaelGrupp/evo}}
}


@article{aulinas2008slam,
  title={The SLAM problem: a survey},
  author={Aulinas, Josep and Petillot, Yvan and Salvi, Joaquim and Llad{\'o}, Xavier},
  journal={Artificial Intelligence Research and Development},
  pages={363--371},
  year={2008},
  publisher={IOS Press}
}




@book{appleton2012industrial,
  title={Industrial robot applications},
  author={Appleton, Ernest and Williams, David J},
  year={2012},
  publisher={Springer Science \& Business Media}
}

@inproceedings{2019LeGO,
  title={LeGO-LOAM: Lightweight and Ground-Optimized Lidar Odometry and Mapping on Variable Terrain},
  author={ Shan, T.  and  Englot, B. },
  booktitle={2018 IEEE/RSJ International Conference on Intelligent Robots and Systems (IROS)},
  year={2019},
}

@article{yin2021m2dgr,
  title={M2dgr: A multi-sensor and multi-scenario slam dataset for ground robots},
  author={Yin, Jie and Li, Ang and Li, Tao and Yu, Wenxian and Zou, Danping},
  journal={IEEE Robotics and Automation Letters},
  volume={7},
  number={2},
  pages={2266--2273},
  year={2021},
  publisher={IEEE}
}

@article{engel2017direct,
  title={Direct sparse odometry},
  author={Engel, Jakob and Koltun, Vladlen and Cremers, Daniel},
  journal={IEEE transactions on pattern analysis and machine intelligence},
  volume={40},
  number={3},
  pages={611--625},
  year={2017},
  publisher={IEEE}
}


@article{endres20133,
  title={3-D mapping with an RGB-D camera},
  author={Endres, Felix and Hess, J{\"u}rgen and Sturm, J{\"u}rgen and Cremers, Daniel and Burgard, Wolfram},
  journal={IEEE transactions on robotics},
  volume={30},
  number={1},
  pages={177--187},
  year={2013},
  publisher={IEEE}
}


@article{dai2017bundlefusion,
  title={Bundlefusion: Real-time globally consistent 3d reconstruction using on-the-fly surface reintegration},
  author={Dai, Angela and Nie{\ss}ner, Matthias and Zollh{\"o}fer, Michael and Izadi, Shahram and Theobalt, Christian},
  journal={ACM Transactions on Graphics (ToG)},
  volume={36},
  number={4},
  pages={1},
  year={2017},
  publisher={ACM New York, NY, USA}
}

@inproceedings{falquez2016inertial,
  title={Inertial aided dense \& semi-dense methods for robust direct visual odometry},
  author={Falquez, Juan M and Kasper, Michael and Sibley, Gabe},
  booktitle={2016 IEEE/RSJ International Conference on Intelligent Robots and Systems (IROS)},
  pages={3601--3607},
  year={2016},
  organization={IEEE}
}


@inproceedings{mourikis2007multi,
  title={A Multi-State Constraint Kalman Filter for Vision-aided Inertial Navigation.},
  author={Mourikis, Anastasios I and Roumeliotis, Stergios I and others},
  booktitle={ICRA},
  volume={2},
  pages={6},
  year={2007}
}

@article{bloesch2017iterated,
  title={Iterated extended Kalman filter based visual-inertial odometry using direct photometric feedback},
  author={Bloesch, Michael and Burri, Michael and Omari, Sammy and Hutter, Marco and Siegwart, Roland},
  journal={The International Journal of Robotics Research},
  volume={36},
  number={10},
  pages={1053--1072},
  year={2017},
  publisher={SAGE Publications Sage UK: London, England}
}


@article{leutenegger2013keyframe,
  title={Keyframe-based visual-inertial slam using nonlinear optimization},
  author={Leutenegger, Stefan and Furgale, Paul and Rabaud, Vincent and Chli, Margarita and Konolige, Kurt and Siegwart, Roland},
  journal={Proceedings of Robotis Science and Systems (RSS) 2013},
  year={2013},
  publisher={Robotics: Science and Systems}
}

@article{hesch2013consistency,
  title={Consistency analysis and improvement of vision-aided inertial navigation},
  author={Hesch, Joel A and Kottas, Dimitrios G and Bowman, Sean L and Roumeliotis, Stergios I},
  journal={IEEE Transactions on Robotics},
  volume={30},
  number={1},
  pages={158--176},
  year={2013},
  publisher={IEEE}
}

@inproceedings{wu2017vins,
  title={Vins on wheels},
  author={Wu, Kejian J and Guo, Chao X and Georgiou, Georgios and Roumeliotis, Stergios I},
  booktitle={2017 IEEE International Conference on Robotics and Automation (ICRA)},
  pages={5155--5162},
  year={2017},
  organization={IEEE}
}


@misc{Tingda2022VIW,
  author = {Tingda Zhuang},
  title = {VIW-Fusion},
  year = {2022},
  publisher = {GitHub},
  journal = {GitHub repository},
  howpublished = {\url{https://github.com/TouchDeeper/VIW-Fusion}}
}



@inproceedings{bonarini2006rawseeds,
  title={Rawseeds: Robotics advancement through web-publishing of sensorial and elaborated extensive data sets},
  author={Bonarini, Andrea and Burgard, Wolfram and Fontana, Giulio and Matteucci, Matteo and Sorrenti, Domenico Giorgio and Tardos, Juan Domingo},
  booktitle={In proceedings of IROS},
  volume={6},
  pages={93},
  year={2006}
}


@article{pire2019rosario,
  title={The Rosario dataset: Multisensor data for localization and mapping in agricultural environments},
  author={Pire, Taih{\'u} and Mujica, Mart{\'\i}n and Civera, Javier and Kofman, Ernesto},
  journal={The International Journal of Robotics Research},
  volume={38},
  number={6},
  pages={633--641},
  year={2019},
  publisher={SAGE Publications Sage UK: London, England}
}


@article{yang2019dre,
  title={DRE-SLAM: Dynamic RGB-D encoder SLAM for a differential-drive robot},
  author={Yang, Dongsheng and Bi, Shusheng and Wang, Wei and Yuan, Chang and Wang, Wei and Qi, Xianyu and Cai, Yueri},
  journal={Remote Sensing},
  volume={11},
  number={4},
  pages={380},
  year={2019},
  publisher={MDPI}
}



@article{shan2019rgbd,
  title={RGBD-inertial trajectory estimation and mapping for ground robots},
  author={Shan, Zeyong and Li, Ruijian and Schwertfeger, S{\"o}ren},
  journal={Sensors},
  volume={19},
  number={10},
  pages={2251},
  year={2019},
  publisher={MDPI}
}

@article{ribeiro2004kalman,
  title={Kalman and extended kalman filters: Concept, derivation and properties},
  author={Ribeiro, Maria Isabel},
  journal={Institute for Systems and Robotics},
  volume={43},
  pages={46},
  year={2004}
}


@inproceedings{qin2020lins,
  title={Lins: A lidar-inertial state estimator for robust and efficient navigation},
  author={Qin, Chao and Ye, Haoyang and Pranata, Christian E and Han, Jun and Zhang, Shuyang and Liu, Ming},
  booktitle={2020 IEEE International Conference on Robotics and Automation (ICRA)},
  pages={8899--8906},
  year={2020},
  organization={IEEE}
}

@article{xu2022fast,
  title={Fast-lio2: Fast direct lidar-inertial odometry},
  author={Xu, Wei and Cai, Yixi and He, Dongjiao and Lin, Jiarong and Zhang, Fu},
  journal={IEEE Transactions on Robotics},
  year={2022},
  publisher={IEEE}
}


@inproceedings{deng2009imagenet,
  title={Imagenet: A large-scale hierarchical image database},
  author={Deng, Jia and Dong, Wei and Socher, Richard and Li, Li-Jia and Li, Kai and Fei-Fei, Li},
  booktitle={2009 IEEE conference on computer vision and pattern recognition},
  pages={248--255},
  year={2009},
  organization={Ieee}
}


@inproceedings{bolte2019towards,
  title={Towards corner case detection for autonomous driving},
  author={Bolte, Jan-Aike and Bar, Andreas and Lipinski, Daniel and Fingscheidt, Tim},
  booktitle={2019 IEEE Intelligent vehicles symposium (IV)},
  pages={438--445},
  year={2019},
  organization={IEEE}
}

@article{muhammad2020deep,
  title={Deep learning for safe autonomous driving: Current challenges and future directions},
  author={Muhammad, Khan and Ullah, Amin and Lloret, Jaime and Del Ser, Javier and de Albuquerque, Victor Hugo C},
  journal={IEEE Transactions on Intelligent Transportation Systems},
  volume={22},
  number={7},
  pages={4316--4336},
  year={2020},
  publisher={IEEE}
}


@article{doi:10.1177/0278364919841437,
author = {Taihú Pire and Martín Mujica and Javier Civera and Ernesto Kofman},
title ={The Rosario dataset: Multisensor data for localization and mapping in agricultural environments},
journal = {The International Journal of Robotics Research},
volume = {38},
number = {6},
pages = {633-641},
year = {2019},
doi = {10.1177/0278364919841437},

}



@inproceedings{zheng2022fast,
  title={FAST-LIVO: Fast and Tightly-coupled Sparse-Direct LiDAR-Inertial-Visual Odometry},
  author={Zheng, Chunran and Zhu, Qingyan and Xu, Wei and Liu, Xiyuan and Guo, Qizhi and Zhang, Fu},
  booktitle={2022 IEEE/RSJ International Conference on Intelligent Robots and Systems (IROS)},
  pages={4003--4009},
  year={2022},
  organization={IEEE}
}


@inproceedings{rogers2020test,
  title={Test your slam! the subt-tunnel dataset and metric for mapping},
  author={Rogers, John G and Gregory, Jason M and Fink, Jonathan and Stump, Ethan},
  booktitle={2020 IEEE International Conference on Robotics and Automation (ICRA)},
  pages={955--961},
  year={2020},
  organization={IEEE}
}

@inproceedings{li2022odombeyondvision,
  title={Odombeyondvision: An indoor multi-modal multi-platform odometry dataset beyond the visible spectrum},
  author={Li, Peize and Cai, Kaiwen and Saputra, Muhamad Risqi U and Dai, Zhuangzhuang and Lu, Chris Xiaoxuan},
  booktitle={2022 IEEE/RSJ International Conference on Intelligent Robots and Systems (IROS)},
  pages={3845--3850},
  year={2022},
  organization={IEEE}
}