@article{Davis80-COP,
	Author = {Steven B. Davis and Paul Mermelstein},
	Journal = {IEEE Transactions on Acoustics, Speech and Signal Processing},
	Number = {4},
	Pages = {357--366},
	Title = {Comparison of Parametric Representation for Monosyllabic Word Recognition in Continuously Spoken Sentences},
	Volume = {28},
	Year = {1980}}

@article{Rabiner89-ATO,
	Author = {Lawrence R. Rabiner},
	Journal = {Proceedings of the IEEE},
	Number = {2},
	Pages = {257--286},
	Title = {A Tutorial on Hidden {Markov} Models and Selected Applications in Speech Recognition},
	Volume = {77},
	Year = {1989}}

@inproceedings{Csap2015Residual,
  title={Residual-Based Excitation with Continuous F0 Modeling in HMM-Based Speech Synthesis},
  author={Csapó, Tamás Gábor and Németh, Géza and Cernak, Milos},
  year={2015},
}

@article{Yamagishi2005AcousticMO,
  title={Acoustic Modeling of Speaking Styles and Emotional Expressions in {HMM}-Based Speech Synthesis},
  author={J. Yamagishi and K. Onishi and T. Masuko and T. Kobayashi},
  journal={IEICE Trans. Inf. Syst.},
  year={2005},
  volume={88-D},
  pages={502-509}
}

@inproceedings{Qin2006HMMBasedES,
  title={{HMM}-Based Emotional Speech Synthesis Using Average Emotion Model},
  author={L. Qin and Z. Ling and Yi-Jian Wu and Bu-Fan Zhang and R. Wang},
  booktitle={ISCSLP},
  year={2006}
}

@article{Choi2019MultispeakerEA,
  title={Multi-speaker Emotional Acoustic Modeling for CNN-based Speech Synthesis},
  author={Hee-jin Choi and Sangjun Park and J. Park and M. Hahn},
  journal={ICASSP 2019 - 2019 IEEE International Conference on Acoustics, Speech and Signal Processing (ICASSP)},
  year={2019},
  pages={6950-6954}
}

@book{Hastie09-TEO,
	Address = {New York},
	Author = {Trevor Hastie and Robert Tibshirani and Jerome Friedman},
	Publisher = {Springer},
	Title = {The Elements of Statistical Learning -- Data Mining, Inference, and Prediction},
	Year = {2009}}

@inproceedings{YourName20-XXX,
	Author = {Firstname1 Lastname1 and Firstname2 Lastname2 and Firstname3 Lastname3},
	Crossref = {INTERSPEECH20},
	Date-Modified = {-01-20 09:35:16 +0000},
	Pages = {100--104},
	Title = {Title of your {INTERSPEECH} 2020 publication}}

@inproceedings{shen2018natural,
  title={Natural tts synthesis by conditioning wavenet on mel spectrogram predictions},
  author={Shen, Jonathan and Pang, Ruoming and Weiss, Ron J and Schuster, Mike and Jaitly, Navdeep and Yang, Zongheng and Chen, Zhifeng and Zhang, Yu and Wang, Yuxuan and Skerrv-Ryan, Rj and others},
  booktitle={Proc. ICASSP},
  pages={4779--4783},
  year={2018},
  organization={IEEE}
}

@article{Ren2019FastSpeechFR,
  title={Fastspeech: Fast, robust and controllable text to speech},
  author={Ren, Yi and Ruan, Yangjun and Tan, Xu and Qin, Tao and Zhao, Sheng and Zhao, Zhou and Liu, Tie-Yan},
  journal={in Proceedings of the 33rd International Conference on Neural Information Processing Systems},
  year={2019, pp. 3171–3180.}
}

@article{Wang2017LearningUR,
  title={Learning utterance-level representations for speech emotion and age/gender recognition using deep neural networks},
  author={Zhong-qiu Wang and I. Tashev},
  journal={2017 IEEE International Conference on Acoustics, Speech and Signal Processing (ICASSP)},
  year={2017},
  pages={5150-5154}
}

@inproceedings{Bulut2002ExpressiveSS,
  title={Expressive speech synthesis using a concatenative synthesizer},
  author={M. Bulut and Shrikanth S. Narayanan and A. Syrdal},
  booktitle={INTERSPEECH},
  year={2002}
}

@article{LorenzoTrueba2018InvestigatingDR,
  title={Investigating different representations for modeling and controlling multiple emotions in DNN-based speech synthesis},
  author={Jaime Lorenzo-Trueba and G. Henter and Shinji Takaki and J. Yamagishi and Yosuke Morino and Yuta Ochiai},
  journal={Speech Commun.},
  year={2018},
  volume={99},
  pages={135-143}
}

@article{Henter2018DeepEM,
  title={Deep Encoder-Decoder Models for Unsupervised Learning of Controllable Speech Synthesis},
  author={G. Henter and Xin Wang and J. Yamagishi},
  journal={ArXiv},
  year={2018},
  volume={abs/1807.11470}
}

@inproceedings{Ohtani2015EmotionalTI,
  title={Emotional transplant in statistical speech synthesis based on emotion additive model},
  author={Yamato Ohtani and Yu Nasu and Masahiro Morita and Masami Akamine},
  booktitle={INTERSPEECH},
  year={2015}
}

@article{Inoue2017AnIT,
  title={An investigation to transplant emotional expressions in DNN-based TTS synthesis},
  author={Katsuki Inoue and Sunao Hara and Masanobu Abe and Nobukatsu Hojo and Yusuke Ijima},
  journal={2017 Asia-Pacific Signal and Information Processing Association Annual Summit and Conference (APSIPA ASC)},
  year={2017},
  pages={1253-1258}
}

@proceedings{INTERSPEECH20,
	Booktitle = {{INTERSPEECH} 2020 -- 21\textsuperscript{th} Annual Conference of the International Speech Communication Association, September 14-18, Shanghai, China, Proceedings},
	Date-Modified = {2019-01-20 09:24:27 +0000},
	Key = {INTERSPEECH},
	Title = {{INTERSPEECH} 2020 -- 21\textsuperscript{th} Annual Conference of the International Speech Communication Association, September 14-18, Shanghai, China, Proceedings},
	Year = {2020}}

@article{Oord2016WaveNet,
  title={WaveNet: A Generative Model for Raw Audio},
  author={Oord, Aaron Van Den and Dieleman, Sander and Zen, Heiga and Simonyan, Karen and Vinyals, Oriol and Graves, Alex and Kalchbrenner, Nal and Senior, Andrew and Kavukcuoglu, Koray},
  journal={ arXiv preprint arXiv:1609.03499,},
  year={2016},
}

@article{Wang2017Tacotron,
  title={Tacotron: Towards End-to-End Speech Synthesis},
  author={Wang, Yuxuan and Skerry-Ryan, RJ and Stanton, Daisy and Wu, Yonghui and Weiss, Ron J and Jaitly, Navdeep and Yang, Zongheng and Xiao, Ying and Chen, Zhifeng and Bengio, Samy and others},
  journal={Proc. Interspeech 2017},
  pages={4006--4010},
  year={2017}
}

@inproceedings{Sotelo2017Char2WavES,
  title={Char2Wav: End-to-End Speech Synthesis},
  author={Sotelo, Jose and Mehri, Soroush and Kumar, Kundan and Santos, Jo{\~a}o Felipe and Kastner, Kyle and Courville, Aaron C and Bengio, Yoshua},
  booktitle={ICLR (Workshop)},
  year={2017}
}

@article{2019Effective,
  title={Effective parameter estimation methods for an ExcitNet model in generative text-to-speech systems},
  author={Ohsung Kwon and Eunwoo Song and J. Kim and Hong-Goo Kang},
  journal={ArXiv},
  year={2019},
  volume={abs/1905.08486}
}

@article{2018Hierarchical,
  title={Hierarchical Generative Modeling for Controllable Speech Synthesis},
  author={Wei-Ning Hsu and Y. Zhang and Ron J. Weiss and H. Zen and Y. Wu and Yuxuan Wang and Yuan Cao and Y. Jia and Z. Chen and Jonathan Shen and P. Nguyen and R. Pang},
  journal={ArXiv},
  year={2019},
  volume={abs/1810.07217}
}

@article{Arik2017Deep,
  title={Deep Voice: Real-time Neural Text-to-Speech},
  author={Arik, Sercan O. and Chrzanowski, Mike and Coates, Adam and Diamos, Gregory and Shoeybi, Mohammad},
  journal={in Proceedings of the 34th
International Conference on Machine Learning-Volume 70.
JMLR. org, 2017, pp. 195–204.},
  year={2017},
}


@article{Shen2017Natural,
  title={Natural TTS Synthesis by Conditioning WaveNet on Mel Spectrogram Predictions},
  author={Shen, Jonathan and Pang, Ruoming and Weiss, Ron J and Schuster, Mike and Jaitly, Navdeep and Yang, Zongheng and Chen, Zhifeng and Zhang, Yu and Wang, Yuxuan and Skerry-Ryan, Rj},
  journal={ in Proc. ICASSP, 2018, pp.
4779–4783.}
}

@article{Wang2018Style,
  title={Style Tokens: Unsupervised Style Modeling, Control and Transfer in End-to-End Speech Synthesis},
  author={Wang, Yuxuan and Stanton, Daisy and Zhang, Yu and Skerry-Ryan, Rj and Battenberg, Eric and Shor, Joel and Xiao, Ying and Ren, Fei and Jia, Ye and Saurous, Rif A},
  journal={ in Proc. ICML, 2018, pp.
5180–5189.},
}

@article{Zhang2019LearningLR,
  title={Learning Latent Representations for Style Control and Transfer in End-to-End Speech Synthesis},
  author={Ya-Jie Zhang and Shifeng Pan and Lei He and Zhen-Hua Ling},
  journal={ICASSP 2019 - 2019 IEEE International Conference on Acoustics, Speech and Signal Processing (ICASSP)},
  year={2019},
  pages={6945-6949}
}

@article{Kingma2014AutoEncodingVB,
  title={Auto-Encoding {V}ariational {B}ayes},
  author={Kingma, Diederik P and Welling, Max},
  journal={stat},
  volume={1050},
  pages={10},
  year={2014},
  publisher={Citeseer}
}

@article{Wang2017Uncovering,
  title={Uncovering Latent Style Factors for Expressive Speech Synthesis},
  author={Wang, Yuxuan and Skerry-Ryan, Rj and Xiao, Ying and Stanton, Daisy and Shor, Joel and Battenberg, Eric and Clark, Rob and Saurous, Rif A},
  journal={ ML4Audio Workshop, NIPS},
  year={2017},
}

@article{Bian2019Multi,
  title={Multi-reference Tacotron by Intercross Training for Style Disentangling,Transfer and Control in Speech Synthesis},
  author={Bian, Yanyao and Chen, Changbin and Kang, Yongguo and Pan, Zhenglin},
  journal={CoRR, vol. abs/1904.02373},
  year={2019},
}

@article{Lee2017Emotional,
  title={Emotional End-to-End Neural Speech Synthesizer},
  author={Lee, Younggun and Rabiee, Azam and Lee, Soo Young},
  journal={arXiv preprint arXiv:1711.05447,},
  year={2017},
}

@article{Zhu2019ControllingES,
  title={Controlling Emotion Strength with Relative Attribute for End-to-End Speech Synthesis},
  author={Xiaolian Zhu and Shan Yang and Geng Yang and Lei Xie},
  journal={2019 IEEE Automatic Speech Recognition and Understanding Workshop (ASRU)},
  year={2019},
  pages={192-199}
}

@inproceedings{GatysA,
  title={A Neural Algorithm of Artistic Style},
  author={Gatys, LA and Ecker, AS and Bethge, M},
  booktitle={16th Annual Meeting of the Vision Sciences Society (VSS 2016)},
  pages={326},
  year={2016},
  organization={Scholar One, Inc.}
}

@inproceedings{Stanton2018Predicting,
  title={Predicting Expressive Speaking Style from Text in End-To-End Speech Synthesis},
  author={Stanton, Daisy and Wang, Yuxuan and Skerry-Ryan, R. J.},
  booktitle={2018 IEEE Spoken Language Technology Workshop (SLT)},
  year={2018},
}

@inproceedings{Skerry2018Towards,
  title={Towards end-to-end prosody transfer for expressive speech synthesis with tacotron},
  author={Skerry-Ryan, RJ and Battenberg, Eric and Xiao, Ying and Wang, Yuxuan and Stanton, Daisy and Shor, Joel and Weiss, Ron and Clark, Rob and Saurous, Rif A},
  booktitle={international conference on machine learning},
  pages={4693--4702},
  year={2018},
  organization={PMLR}
}

@article{Eric2019Effective,
  title={Effective Use of Variational Embedding Capacity in Expressive End-to-End Speech Synthesis},
  author={Eric Battenberg and Soroosh Mariooryad and Daisy Stanton and RJ Skerry-Ryan and Tom Bagby},
  journal={ArXiv},
  year={2019},
  volume={abs/1906.03402}
}


@article{Lu2019ImplementingPP,
  title={Implementing Prosodic Phrasing in Chinese End-to-end Speech Synthesis},
  author={Yanfeng Lu and Minghui Dong and Ying Chen},
  journal={ICASSP 2019 - 2019 IEEE International Conference on Acoustics, Speech and Signal Processing (ICASSP)},
  year={2019},
  pages={7050-7054}
}

@article{Akuzawa2018Expressive,
  title={Expressive Speech Synthesis via Modeling Expressions with Variational Autoencoder},
  author={Akuzawa, Kei and Iwasawa, Yusuke and Matsuo, Yutaka},
  year={2018},
}

@inproceedings{Ma2019NeuralTS,
  title={Neural {TTS} stylization with adversarial and collaborative games},
  author={Ma, Shuang and Mcduff, Daniel and Song, Yale},
  booktitle={International Conference on Learning Representations},
  year={2018}
}

@inproceedings{Ohtani2015Emotional,
  title={Emotional transplant in statistical speech synthesis based on emotion additive model},
  author={Ohtani, Yamato and Nasu, Yu and Morita, Masahiro and Akamine, Masami},
  booktitle={Proceedings of the Annual Conference of the International Speech Communication Association, INTERSPEECH},
  volume={2015},
  pages={274--278},
  year={2015}
}


@article{yu2019durian,
  title={Durian: Duration informed attention network for multimodal synthesis},
  author={Yu, Chengzhu and Lu, Heng and Hu, Na and Yu, Meng and Weng, Chao and Xu, Kun and Liu, Peng and Tuo, Deyi and Kang, Shiyin and Lei, Guangzhi and others},
  journal={in INTERSPEECH 2020},
  pages={2027–2031},
  year={2020}
}

@inproceedings{Inoue2017An,
  title={An investigation to transplant emotional expressions in DNN-based TTS synthesis},
  author={Inoue, Katsuki and Hara, Sunao and Abe, Masanobu and Hojo, Nobukatsu and Ijima, Yusuke},
  booktitle={2017 Asia-Pacific Signal and Information Processing Association Annual Summit and Conference (APSIPA ASC)},
  year={2017},
}

@inproceedings{Ferrari2008Learning,
  title={Learning visual attributes},
  author={Ferrari, Vittorio and Zisserman, Andrew},
  booktitle={Proceedings of the 20th International Conference on Neural Information Processing Systems},
  pages={433--440},
  year={2007}
}

@inproceedings{Se2020Emotional,
  title={Emotional Speech Synthesis with Rich and Granularized Control},
  author={Se-Yun Um and Sangshin Oh and Kyungguen Byun and Inseon Jang and Hong-Goo Kang},
  booktitle={ICASSP 2020 - 2020 IEEE International Conference on Acoustics, Speech and Signal Processing (ICASSP)},
  year={2020},
}

@article{Yang2019ImprovingME,
  title={Improving Mandarin End-to-End Speech Synthesis by Self-Attention and Learnable Gaussian Bias},
  author={Fengyu Yang and Shan Yang and Pengcheng Zhu and Pengju Yan and Lei Xie},
  journal={2019 IEEE Automatic Speech Recognition and Understanding Workshop (ASRU)},
  year={2019},
  pages={208-213}
}

@article{Lee2017Fully,
  title={Fully Character-Level Neural Machine Translation without Explicit Segmentation},
  author={Lee, Jason and Cho, Kyunghyun and Hofmann, Thomas},
  journal={Transactions of the Association for Computational Linguistics},
  volume={5},
  pages={365-378},
  year={2017},
}

@inproceedings{Cho2014LearningPR,
  title={Learning Phrase Representations using RNN Encoder-Decoder for Statistical Machine Translation},
  author={Kyunghyun Cho and Bart van Merrienboer and Çaglar G{\"u}lçehre and Dzmitry Bahdanau and Fethi Bougares and Holger Schwenk and Yoshua Bengio},
  booktitle={EMNLP},
  year={2014}
}

@article{1984Signal,
  title={Signal estimation from modified short-time Fourier transform},
  author={ Griffin, D. W.  and  Lim, Jae S. },
  journal={IEEE Transactions on Acoustics, Speech, and Signal Processing},
  volume={32},
  number={2},
  pages={236-243},
  year={1984},
}

@article{2019Multi,
  title={Multi-Reference Neural TTS Stylization with Adversarial Cycle Consistency},
  author={Whitehill, Matt and Ma, Shuang and McDuff, Daniel and Song, Yale},
  journal={Proc. Interspeech 2020},
  pages={4442--4446},
  year={2020}
}

@article{Simonyan2015VeryDC,
  title={Very Deep Convolutional Networks for Large-Scale Image Recognition},
  author={Karen Simonyan and Andrew Zisserman},
  journal={CoRR},
  year={2015},
  volume={abs/1409.1556}
}

@article{Laurens2008Visualizing,
  title={Visualizing Data using {t-SNE}},
  author={Laurens, Van Der Maaten and Hinton, Geoffrey},
  journal={Journal of Machine Learning Research},
  volume={9},
  number={2605},
  pages={2579-2605},
  year={2008}
}

@article{Cheang2008The,
  title={The sound of sarcasm},
  author={Cheang, Henry S. and Pell, Marc D.},
  journal={Speech Communication},
  volume={50},
  number={5},
  pages={366-381},
  year={2008}
}

@misc{Gang2006Using,
  title={Using a system for prediction of musical preferences for the distribution of musical content over cellular networks},
  author={Gang, Dan and Lehmann, Daniel},
  publisher={US},
  year={2006}
}

@article{LorenzoTrueba2015EmotionTT,
  title={Emotion transplantation through adaptation in {HMM}-based speech synthesis},
  author={Jaime Lorenzo-Trueba and R. Barra-Chicote and Rub{\'e}n San-Segundo-Hern{\'a}ndez and J. Ferreiros and J. Yamagishi and J. M. Montero-Mart{\'i}nez},
  journal={Comput. Speech Lang.},
  year={2015},
  volume={34},
  pages={292-307}
}

@article{Yang2016OnTT,
  title={On the training of DNN-based average voice model for speech synthesis},
  author={S. Yang and Zhizheng Wu and L. Xie},
  journal={2016 Asia-Pacific Signal and Information Processing Association Annual Summit and Conference (APSIPA)},
  year={2016},
  pages={1-6}
}

@article{Ling2015DeepLF,
  title={Deep Learning for Acoustic Modeling in Parametric Speech Generation: A systematic review of existing techniques and future trends},
  author={Z. Ling and Shiyin Kang and H. Zen and A. Senior and Mike Schuster and Xiaojun Qian and H. Meng and L. Deng},
  journal={IEEE Signal Processing Magazine},
  year={2015},
  volume={32},
  pages={35-52}
}

@article{Wu2018RapidSA,
  title={Rapid Style Adaptation Using Residual Error Embedding for Expressive Speech Synthesis},
  author={Xixin Wu and Yuewen Cao and M. Wang and Songxiang Liu and Shiyin Kang and Zhiyong Wu and X. Liu and Dan Su and Dong Yu and H. Meng},
  journal={Proc. Interspeech 2018},
  pages={3072--3076},
  year={2018}
}

@article{Li2018EmphaticSG,
  title={Emphatic Speech Generation with Conditioned Input Layer and Bidirectional LSTMS for Expressive Speech Synthesis},
  author={Runnan Li and Zhiyong Wu and Y. Huang and Jia Jia and H. Meng and Lianhong Cai},
  journal={2018 IEEE International Conference on Acoustics, Speech and Signal Processing (ICASSP)},
  year={2018},
  pages={5129-5133}
}

@article{Wu2018FeatureBA,
  title={Feature Based Adaptation for Speaking Style Synthesis},
  author={Xixin Wu and Lifa Sun and Shiyin Kang and Songxiang Liu and Zhiyong Wu and X. Liu and H. Meng},
  journal={2018 IEEE International Conference on Acoustics, Speech and Signal Processing (ICASSP)},
  year={2018},
  pages={5304-5308}
}

@article{An2017EmotionalSP,
  title={Emotional statistical parametric speech synthesis using LSTM-RNNs},
  author={Shumin An and Zhenhua Ling and Lirong Dai},
  journal={2017 Asia-Pacific Signal and Information Processing Association Annual Summit and Conference (APSIPA ASC)},
  year={2017},
  pages={1613-1616}
}

@inproceedings{Xue2018ACO,
  title={A Comparison of Expressive Speech Synthesis Approaches based on Neural Network},
  author={Liumeng Xue and Xiaolian Zhu and Xiaochun An and L. Xie},
  booktitle={ASMMC-MMAC'18},
  year={2018}
}

@inproceedings{Xie2018AKD,
  title={A Kullback-Leibler Divergence Based Recurrent Mixture Density Network for Acoustic Modeling in Emotional Statistical Parametric Speech Synthesis},
  author={An, Xiaochun and Zhang, Yuchao and Liu, Bing and Xue, Liumeng and Xie, Lei},
  year={2018}
}

@inproceedings{Gibiansky2017DeepV2,
  title={Deep voice 2: Multi-speaker neural text-to-speech},
  author={Ar{\i}k, Sercan {\"O} and Diamos, Gregory and Gibiansky, Andrew and Miller, John and Peng, Kainan and Ping, Wei and Raiman, Jonathan and Zhou, Yanqi},
  booktitle={Proceedings of the 31st International Conference on Neural Information Processing Systems},
  pages={2966--2974},
  year={2017}
}

@article{Daum2006DomainAF,
  title={Domain Adaptation for Statistical Classifiers},
  author={Hal Daum{\'e} and D. Marcu},
  journal={ArXiv},
  year={2006},
  volume={abs/1109.6341}
}

@inproceedings{Karlapati2020CopyCatMF,
  title={CopyCat: Many-to-Many Fine-Grained Prosody Transfer for Neural Text-to-Speech},
  author={Karlapati, Sri and Moinet, Alexis and Joly, Arnaud and Klimkov, Viacheslav and S{\'a}ez-Trigueros, Daniel and Drugman, Thomas},
  journal={Proc. Interspeech 2020},
  pages={4387--4391},
  year={2020}
}

@inproceedings{Sorin2020PrincipalSC,
  title={Principal Style Components: Expressive Style Control and Cross-Speaker Transfer in Neural TTS},
  author={A. Sorin and Slava Shechtman and R. Hoory},
  booktitle={INTERSPEECH},
  year={2020}
}

@inproceedings{Bousmalis2016DomainSN,
  title={Domain Separation Networks},
  author={Konstantinos Bousmalis and George Trigeorgis and N. Silberman and Dilip Krishnan and D. Erhan},
  booktitle={NIPS},
  year={2016}
}

@article{Kulkarni2020TransferLO,
  title={Transfer Learning of the Expressivity Using FLOW Metric Learning in Multispeaker Text-to-Speech Synthesis},
  author={Kulkarni, Ajinkya and Colotte, Vincent and Jouvet, Denis},
  journal={Proc. Interspeech 2020},
  pages={4397--4401},
  year={2020}
}

@article{Shen2018NaturalTS,
  title={Natural TTS Synthesis by Conditioning Wavenet on MEL Spectrogram Predictions},
  author={Jonathan Shen and R. Pang and Ron J. Weiss and M. Schuster and Navdeep Jaitly and Z. Yang and Z. Chen and Yu Zhang and Yuxuan Wang and R. Skerry-Ryan and R. A. Saurous and Yannis Agiomyrgiannakis and Y. Wu},
  journal={2018 IEEE International Conference on Acoustics, Speech and Signal Processing (ICASSP)},
  year={2018},
  pages={4779-4783}
}

@article{Tachibana2018EfficientlyTT,
  title={Efficiently Trainable Text-to-Speech System Based on Deep Convolutional Networks with Guided Attention},
  author={Hideyuki Tachibana and Katsuya Uenoyama and Shunsuke Aihara},
  journal={2018 IEEE International Conference on Acoustics, Speech and Signal Processing (ICASSP)},
  year={2018},
  pages={4784-4788}
}

@article{Li2018CloseTH,
  title={Close to Human Quality TTS with Transformer},
  author={N. Li and Shujie Liu and Yanqing Liu and Sheng Zhao and Ming Liu and M. Zhou},
  journal={ArXiv},
  year={2018},
  volume={abs/1809.08895}
}

@article{Yang2020OnTL,
  title={On the localness modeling for the self-attention based end-to-end speech synthesis},
  author={Shan Yang and Heng Lu and Shiyin Kang and Liumeng Xue and Jinba Xiao and D. Su and L. Xie and Dong Yu},
  journal={Neural networks : the official journal of the International Neural Network Society},
  year={2020},
  volume={125},
  pages={
          121-130
        }
}

@article{Tokuda2000SpeechPG,
  title={Speech parameter generation algorithms for HMM-based speech synthesis},
  author={K. Tokuda and Takayoshi Yoshimura and T. Masuko and T. Kobayashi and T. Kitamura},
  journal={2000 IEEE International Conference on Acoustics, Speech, and Signal Processing. Proceedings (Cat. No.00CH37100)},
  year={2000},
  volume={3},
  pages={1315-1318 vol.3}
}

@article{Zen2013StatisticalPS,
  title={Statistical parametric speech synthesis using deep neural networks},
  author={H. Zen and A. Senior and Mike Schuster},
  journal={2013 IEEE International Conference on Acoustics, Speech and Signal Processing},
  year={2013},
  pages={7962-7966}
}

@article{Watts2016FromHT,
  title={From HMMS to DNNS: Where do the improvements come from?},
  author={O. Watts and G. Henter and T. Merritt and Zhizheng Wu and Simon King},
  journal={2016 IEEE International Conference on Acoustics, Speech and Signal Processing (ICASSP)},
  year={2016},
  pages={5505-5509}
}

@inproceedings{Bahdanau2015NeuralMT,
  title={Neural machine translation by jointly learning to align and translate},
  author={Bahdanau, Dzmitry and Cho, Kyung Hyun and Bengio, Yoshua},
  booktitle={3rd International Conference on Learning Representations, ICLR 2015},
  year={2015}
}

@inproceedings{Sutskever2014SequenceTS,
  title={Sequence to sequence learning with neural networks},
  author={Sutskever, Ilya and Vinyals, Oriol and Le, Quoc V},
  booktitle={Proceedings of the 27th International Conference on Neural Information Processing Systems-Volume 2},
  pages={3104--3112},
  year={2014}
}

@inproceedings{Goodfellow2014GenerativeAN,
  title={Generative Adversarial Nets},
  author={Ian J. Goodfellow and Jean Pouget-Abadie and M. Mirza and Bing Xu and David Warde-Farley and Sherjil Ozair and Aaron C. Courville and Yoshua Bengio},
  booktitle={NIPS},
  year={2014}
}


@article{Li2021ControllableET,
  title={Controllable Emotion Transfer For End-to-End Speech Synthesis},
  author={Tao Li and Shan Yang and Liumeng Xue and L. Xie},
  journal={2021 12th International Symposium on Chinese Spoken Language Processing (ISCSLP)},
  year={2021},
  pages={1-5}
}

@article{Wu2019EndtoEndES,
  title={End-to-End Emotional Speech Synthesis Using Style Tokens and Semi-Supervised Training},
  author={Peng-Fei Wu and Zhenhua Ling and Li-juan Liu and Y. Jiang and Hong-Chuan Wu and Li-Rong Dai},
  journal={2019 Asia-Pacific Signal and Information Processing Association Annual Summit and Conference (APSIPA ASC)},
  year={2019},
  pages={623-627}
}

@inproceedings{Arik2017DeepVR,
  title={Deep Voice: Real-time Neural Text-to-Speech},
  author={Sercan {\"O}. Arik and Mike Chrzanowski and A. Coates and G. Diamos and Andrew Gibiansky and Yongguo Kang and X. Li and J. Miller and Andrew Ng and Jonathan Raiman and S. Sengupta and M. Shoeybi},
  booktitle={ICML},
  year={2017},
}


@article{ping2017deep3,
  title={Deep Voice 3: 2000-Speaker Neural Text-to-Speech.},
  author={Ping, Wei and Peng, Kainan and Gibiansky, Andrew and Arik, Sercan {\"O}mer and Kannan, Ajay and Narang, Sharan and Raiman, Jonathan and Miller, John},
  journal={ arXiv preprint arXiv:1710.07654 },
  year={2017},
}

@article{Shen2018NaturalTS,
  title={Natural TTS Synthesis by Conditioning Wavenet on MEL Spectrogram Predictions},
  author={Jonathan Shen and R. Pang and Ron J. Weiss and M. Schuster and Navdeep Jaitly and Z. Yang and Z. Chen and Yu Zhang and Yuxuan Wang and R. Skerry-Ryan and R. Saurous and Yannis Agiomyrgiannakis and Y. Wu},
  journal={2018 IEEE International Conference on Acoustics, Speech and Signal Processing (ICASSP)},
  year={2018},
  pages={4779-4783}
}


@article{Li2020PPGbasedSV,
  title={PPG-based singing voice conversion with adversarial representation learning},
  author={Zhonghao Li and Benlai Tang and Xiang Yin and Yuan Wan and Ling Xu and Chen Shen and Zejun Ma},
  journal={ArXiv},
  year={2020},
  volume={abs/2010.14804}
}

@article{Valle2020MellotronME,
  title={Mellotron: Multispeaker Expressive Voice Synthesis by Conditioning on Rhythm, Pitch and Global Style Tokens},
  author={Rafael Valle and Jason Li and R. Prenger and Bryan Catanzaro},
  journal={ICASSP 2020 - 2020 IEEE International Conference on Acoustics, Speech and Signal Processing (ICASSP)},
  year={2020},
  pages={6189-6193}
}
@article{Xue2021CycleCN,
  title={Cycle consistent network for end-to-end style transfer TTS training.},
  author={Liumeng Xue and Shifeng Pan and Lei He and Lei Xie and F. Soong},
  journal={Neural networks : the official journal of the International Neural Network Society},
  year={2021},
  volume={140},
  pages={
          223-236
        }
}

@article{Kwon2019AnES,
  title={An Effective Style Token Weight Control Technique for End-to-End Emotional Speech Synthesis},
  author={Ohsung Kwon and Inseon Jang and C. Ahn and Hong-Goo Kang},
  journal={IEEE Signal Processing Letters},
  year={2019},
  volume={26},
  pages={1383-1387}
}

@article{An2019LearningHR,
  title={Learning Hierarchical Representations for Expressive Speaking Style in End-to-End Speech Synthesis},
  author={Xiaochun An and Yuxuan Wang and Shan Yang and Zejun Ma and L. Xie},
  journal={2019 IEEE Automatic Speech Recognition and Understanding Workshop (ASRU)},
  year={2019},
  pages={184-191}
}

@inproceedings{Jia2018TransferLF,
  title={Transfer learning from speaker verification to multispeaker text-to-speech synthesis},
  author={Jia, Ye and Zhang, Yu and Weiss, Ron J and Wang, Quan and Shen, Jonathan and Ren, Fei and Chen, Zhifeng and Nguyen, Patrick and Pang, Ruoming and Moreno, Ignacio Lopez and others},
  booktitle={Proceedings of the 32nd International Conference on Neural Information Processing Systems},
  pages={4485--4495},
  year={2018}
}

@article{Gatys2016ImageST,
  title={Image Style Transfer Using Convolutional Neural Networks},
  author={Leon A. Gatys and Alexander S. Ecker and M. Bethge},
  journal={2016 IEEE Conference on Computer Vision and Pattern Recognition (CVPR)},
  year={2016},
  pages={2414-2423}
}

@article{Um2020EmotionalSS,
  title={Emotional Speech Synthesis with Rich and Granularized Control},
  author={Se‑Yun Um and Sangshin Oh and Kyungguen Byun and Inseon Jang and C. Ahn and Hong-Goo Kang},
  journal={ICASSP 2020 - 2020 IEEE International Conference on Acoustics, Speech and Signal Processing (ICASSP)},
  year={2020},
  pages={7254-7258}
}

@article{Li2021TowardsMS,
  title={Towards Multi-Scale Style Control for Expressive Speech Synthesis},
  author={Li, Xiang and Song, Changhe and Li, Jingbei and Wu, Zhiyong and Jia, Jia and Meng, Helen},
  journal={arXiv e-prints},
  pages={arXiv--2104},
  year={2021}
}

@article{Liu2021ReinforcementLF,
  title={Reinforcement Learning for Emotional Text-to-Speech Synthesis with Improved Emotion Discriminability},
  author={Rui Liu and Berrak Sisman and Haizhou Li},
  journal={in Proc. Interspeech, 2021, pp. 4648–4652.},
}

@article{Wang2018UnsupervisedDA,
  title={Unsupervised Domain Adaptation via Domain Adversarial Training for Speaker Recognition},
  author={Qing Wang and Wei Rao and Sining Sun and L. Xie and Chng Eng Siong and Haizhou Li},
  journal={2018 IEEE International Conference on Acoustics, Speech and Signal Processing (ICASSP)},
  year={2018},
  pages={4889-4893}
}

@inproceedings{Battenberg2020LocationRelativeAM,
	title={Location-Relative Attention Mechanisms for Robust Long-Form Speech Synthesis},
	author={Eric Battenberg and R. Skerry-Ryan and Soroosh Mariooryad and Daisy Stanton and David Kao and M. Shannon and Tom Bagby},
	booktitle={ ICASSP},
	year={2020}
}

@article{Li2018EMPHASISAE,
  title={EMPHASIS: An Emotional Phoneme-based Acoustic Model for Speech Synthesis System},
  author={Hao Li and Yongguo Kang and Zhenyu Wang},
  journal={Proc. Interspeech 2018},
  pages={3077--3081},
  year={2018}
}

@article{Kwon2019EmotionalSS,
  title={Emotional Speech Synthesis Based on Style Embedded Tacotron2 Framework},
  author={Ohsung Kwon and Inseon Jang and Chung Hyun Ahn and Hong-Goo Kang},
  journal={2019 34th International Technical Conference on Circuits/Systems, Computers and Communications (ITC-CSCC)},
  year={2019},
  pages={1-4}
}


@article{Kulkarni2020IMPROVINGLR,
  title={Improving transfer of expressivity for end-to-end multispeaker text-to-speech synthesis},
  author={Ajinkya Kulkarni and Vincent Colotte and Denis Jouvet},
  journal={2021 29th European Signal Processing Conference (EUSIPCO)},
  year={2021},
  pages={31-35}
}

@article{xie2021multi,
  title={Multi-speaker Multi-style Text-to-speech Synthesis With Single-speaker Single-style Training Data Scenarios},
  author={Xie, Qicong and Li, Tao and Wang, Xinsheng and Wang, Zhichao and Xie, Lei and Yu, Guoqiao and Wan, Guanglu},
  journal={arXiv preprint arXiv:2112.12743},
  year={2021}
}

@inproceedings{xie2021multic,
  title={The multi-speaker multi-style voice cloning challenge 2021},
  author={Xie, Qicong and Tian, Xiaohai and Liu, Guanghou and Song, Kun and Xie, Lei and Wu, Zhiyong and Li, Hai and Shi, Song and Li, Haizhou and Hong, Fen and others},
  booktitle={ICASSP 2021-2021 IEEE International Conference on Acoustics, Speech and Signal Processing (ICASSP)},
  pages={8613--8617},
  year={2021},
  organization={IEEE}
}

@inproceedings{wang2021enriching,
  author={Zhichao Wang and Xinyong Zhou and Fengyu Yang and Tao Li and Hongqiang Du and Lei Xie and Wendong Gan and Haitao Chen and Hai Li},
  title={{Enriching Source Style Transfer in Recognition-Synthesis Based Non-Parallel Voice Conversion}},
  year=2021,
  booktitle={Proc. Interspeech},
  pages={831--835},
  doi={10.21437/Interspeech.2021-1351}
}

@inproceedings{Johnson2016Perceptual,
  title={Perceptual losses for real-time style transfer and super-resolution},
  author={Johnson, Justin and Alahi, Alexandre and Fei-Fei, Li},
  booktitle={European conference on computer vision},
  pages={694--711},
  year={2016},
  organization={Springer}
}

@inproceedings{Akanksh2015InterconversionOE,
  title={Interconversion of Emotions in Speech Using {TD-PSOLA}},
  author={B. S. Akanksh and Susmitha Vekkot and Shikha Tripathi},
  booktitle={SIRS},
  year={2015},
}

@incollection{Kannan2021VoiceCU,
  title={Voice Conversion Using Spectral Mapping and {TD-PSOLA}},
  author={Kannan, Srinivasan and Raju, Pooja and Madhav, R and Tripathi, Shikha and others},
  booktitle={Advances in Computing and Network Communications},
  pages={193--205},
  year={2021},
  publisher={Springer}
}

@article{TDNN,
  title={ECAPA-{TDNN}: Emphasized Channel Attention, Propagation and Aggregation in TDNN Based Speaker Verification},
  author={Desplanques, Brecht and Thienpondt, Jenthe and Demuynck, Kris},
  journal={Proc. Interspeech 2020},
  pages={3830--3834},
  year={2020}
}


@inproceedings{gradtts,
  title={Grad-tts: A diffusion probabilistic model for text-to-speech},
  author={Popov, Vadim and Vovk, Ivan and Gogoryan, Vladimir and Sadekova, Tasnima and Kudinov, Mikhail},
  booktitle={International Conference on Machine Learning},
  pages={8599--8608},
  year={2021},
  organization={PMLR}
}

@article{fastdiff,
  title={FastDiff: A Fast Conditional Diffusion Model for High-Quality Speech Synthesis},
  author={Huang, Rongjie and Lam, Max WY and Wang, Jun and Su, Dan and Yu, Dong and Ren, Yi and Zhao, Zhou},
  journal={arXiv preprint arXiv:2204.09934},
  year={2022}
}

@article{cai2023cross,
  title={Cross-lingual multi-speaker speech synthesis with limited bilingual training data},
  author={Cai, Zexin and Yang, Yaogen and Li, Ming},
  journal={Computer Speech \& Language},
  volume={77},
  pages={101427},
  year={2023},
  publisher={Elsevier}
}

@inproceedings{rallabandi2017building,
  title={On Building Mixed Lingual Speech Synthesis Systems.},
  author={Rallabandi, Sai Krishna and Black, Alan W},
  booktitle={Interspeech 2017},
  pages={52-56}
}

@inproceedings{titus2020improving,
  title={Improving language identification for multilingual speakers},
  author={Titus, Andrew and Silovsky, Jan and Chen, Nanxin and Hsiao, Roger and Young, Mary and Ghoshal, Arnab},
  booktitle={ICASSP 2020-2020 IEEE International Conference on Acoustics, Speech and Signal Processing (ICASSP)},
  pages={8284--8288},
  year={2020},
  organization={IEEE}
}

@inproceedings{shang2021incorporating,
  title={Incorporating Cross-Speaker Style Transfer for Multi-Language Text-to-Speech.},
  author={Shang, Zengqiang and Huang, Zhihua and Zhang, Haozhe and Zhang, Pengyuan and Yan, Yonghong},
  booktitle={Interspeech},
  pages={1619--1623},
  year={2021}
}

@inproceedings{ye2022improving,
  title={Improving Cross-Lingual Speech Synthesis with Triplet Training Scheme},
  author={Ye, Jianhao and Zhou, Hongbin and Su, Zhiba and He, Wendi and Ren, Kaimeng and Li, Lin and Lu, Heng},
  booktitle={ICASSP 2022-2022 IEEE International Conference on Acoustics, Speech and Signal Processing (ICASSP)},
  pages={6072--6076},
  year={2022},
  organization={IEEE}
}

@article{zhang2019learning,
  title={Learning to Speak Fluently in a Foreign Language: Multilingual Speech Synthesis and Cross-Language Voice Cloning},
  author={Zhang, Yu and Weiss, Ron J and Zen, Heiga and Wu, Yonghui and Chen, Zhifeng and Skerry-Ryan, RJ and Jia, Ye and Rosenberg, Andrew and Ramabhadran, Bhuvana},
  journal={Proc. Interspeech 2019},
  pages={2080--2084},
  year={2019}
}


@inproceedings{xin2020cross,
  title={Cross-Lingual Text-To-Speech Synthesis via Domain Adaptation and Perceptual Similarity Regression in Speaker Space.},
  author={Xin, Detai and Saito, Yuki and Takamichi, Shinnosuke and Koriyama, Tomoki and Saruwatari, Hiroshi},
  booktitle={Interspeech},
  pages={2947--2951},
  year={2020}
}  

@article{tan2021survey,
  title={A survey on neural speech synthesis},
  author={Tan, Xu and Qin, Tao and Soong, Frank and Liu, Tie-Yan},
  journal={arXiv preprint arXiv:2106.15561},
  year={2021}
}

@inproceedings{zhan22_interspeech,
  author={Haoyue Zhan and Xinyuan YU and Haitong Zhang and Yang Zhang and Yue Lin},
  title={{Exploring Timbre Disentanglement in Non-Autoregressive Cross-Lingual Text-to-Speech}},
  year=2022,
  booktitle={Proc. Interspeech 2022},
  pages={4247--4251},
  doi={10.21437/Interspeech.2022-205}
}

@INPROCEEDINGS{9053094,
  author={Cao, Yuewen and Liu, Songxiang and Wu, Xixin and Kang, Shiyin and Liu, Peng and Wu, Zhiyong and Liu, Xunying and Su, Dan and Yu, Dong and Meng, Helen},
  booktitle={ICASSP 2020 - 2020 IEEE International Conference on Acoustics, Speech and Signal Processing (ICASSP)}, 
  title={Code-Switched Speech Synthesis Using Bilingual Phonetic Posteriorgram with Only Monolingual Corpora}, 
  year={2020},
  volume={},
  number={},
  pages={7619-7623},
  doi={10.1109/ICASSP40776.2020.9053094}
}

@article{zhao2020towards,
  title={Towards Natural Bilingual and Code-Switched Speech Synthesis Based on Mix of Monolingual Recordings and Cross-Lingual Voice Conversion},
  author={Zhao, Shengkui and Nguyen, Trung Hieu and Wang, Hao and Ma, Bin},
  journal={Proc. Interspeech 2020},
  pages={2927--2931},
  year={2020}
}

@article{bansal2020improving,
  title={On Improving Code Mixed Speech Synthesis with Mixlingual Grapheme-to-Phoneme Model},
  author={Bansal, Shubham and Mukherjee, Arijit and Satpal, Sandeepkumar and Mehta, Rupeshkumar},
  journal={Proc. Interspeech 2020},
  pages={2957--2961},
  year={2020}
}

@article{chen2019cross,
  title={Cross-Lingual, Multi-Speaker Text-To-Speech Synthesis Using Neural Speaker Embedding},
  author={Chen, Mengnan and Chen, Minchuan and Liang, Shuang and Ma, Jun and Chen, Lei and Wang, Shaojun and Xiao, Jing},
  journal={Proc. Interspeech 2019},
  pages={2105--2109},
  year={2019}
}

@article{maniati2021cross,
  title={Cross-lingual Low Resource Speaker Adaptation Using Phonological Features},
  author={Maniati, Georgia and Ellinas, Nikolaos and Markopoulos, Konstantinos and Vamvoukakis, Georgios and Sung, June Sig and Park, Hyoungmin and Chalamandaris, Aimilios and Tsiakoulis, Pirros},
  journal={Proc. Interspeech 2021},
  pages={1594--1598},
}



@inproceedings{li2019bytes,
  title={Bytes are all you need: End-to-end multilingual speech recognition and synthesis with bytes},
  author={Li, Bo and Zhang, Yu and Sainath, Tara and Wu, Yonghui and Chan, William},
  booktitle={ICASSP 2019-2019 IEEE International Conference on Acoustics, Speech and Signal Processing (ICASSP)},
  pages={5621--5625},
  year={2019},
  organization={IEEE}
}

@inproceedings{zhan2021improve,
  title={Improve Cross-Lingual Text-To-Speech Synthesis on Monolingual Corpora with Pitch Contour Information.},
  author={Zhan, Haoyue and Zhang, Haitong and Ou, Wenjie and Lin, Yue},
  booktitle={Interspeech},
  pages={1599--1603},
  year={2021}
}

@inproceedings{li22h_interspeech,
  author={Tao Li and Xinsheng Wang and Qicong Xie and Zhichao Wang and Mingqi Jiang and Lei Xie},
  title={{Cross-speaker Emotion Transfer Based On Prosody Compensation for End-to-End Speech Synthesis}},
  year=2022,
  booktitle={Proc. Interspeech 2022},
  pages={5498--5502},
  doi={10.21437/Interspeech.2022-610}
}

@ARTICLE{Li2021ControllableCE,  
  author={Li, Tao and Wang, Xinsheng and Xie, Qicong and Wang, Zhichao and Xie, Lei},  
  journal={IEEE/ACM Transactions on Audio, Speech, and Language Processing},   title={Cross-Speaker Emotion Disentangling and Transfer for End-to-End Speech Synthesis},   
  year={2022},  
  volume={30},  
  number={},  
  pages={1448-1460},  
  doi={10.1109/TASLP.2022.3164181}
}

@article{jia2018transfer,
  title={Transfer learning from speaker verification to multispeaker text-to-speech synthesis},
  author={Jia, Ye and Zhang, Yu and Weiss, Ron and Wang, Quan and Shen, Jonathan and Ren, Fei and Nguyen, Patrick and Pang, Ruoming and Lopez Moreno, Ignacio and Wu, Yonghui and others},
  journal={Advances in neural information processing systems},
  volume={31},
  year={2018}
}

@article{zhang2022iemotts,
  title={iEmoTTS: Toward Robust Cross-Speaker Emotion Transfer and Control for Speech Synthesis based on Disentanglement between Prosody and Timbre},
  author={Zhang, Guangyan and Qin, Ying and Zhang, Wenjie and Wu, Jialun and Li, Mei and Gai, Yutao and Jiang, Feijun and Lee, Tan},
  journal={arXiv preprint arXiv:2206.14866},
  year={2022}
}

@inproceedings{sohl2015deep,
  title={Deep unsupervised learning using nonequilibrium thermodynamics},
  author={Sohl-Dickstein, Jascha and Weiss, Eric and Maheswaranathan, Niru and Ganguli, Surya},
  booktitle={International Conference on Machine Learning},
  pages={2256--2265},
  year={2015},
  organization={PMLR}
}

@inproceedings{song2020score,
  title={Score-Based Generative Modeling through Stochastic Differential Equations},
  author={Song, Yang and Sohl-Dickstein, Jascha and Kingma, Diederik P and Kumar, Abhishek and Ermon, Stefano and Poole, Ben},
  booktitle={International Conference on Learning Representations},
  year={2020}
}

@inproceedings{popov2021grad,
  title={Grad-tts: A diffusion probabilistic model for text-to-speech},
  author={Popov, Vadim and Vovk, Ivan and Gogoryan, Vladimir and Sadekova, Tasnima and Kudinov, Mikhail},
  booktitle={International Conference on Machine Learning},
  pages={8599--8608},
  year={2021},
  organization={PMLR}
}

@article{chen2021wavegrad,
  title={WaveGrad 2: Iterative refinement for text-to-speech synthesis},
  author={Chen, Nanxin and Zhang, Yu and Zen, Heiga and Weiss, Ron J and Norouzi, Mohammad and Dehak, Najim and Chan, William},
  journal={arXiv preprint arXiv:2106.09660},
  year={2021}
}

@article{jeong2021diff,
  title={Diff-tts: A denoising diffusion model for text-to-speech},
  author={Jeong, Myeonghun and Kim, Hyeongju and Cheon, Sung Jun and Choi, Byoung Jin and Kim, Nam Soo},
  journal={arXiv preprint arXiv:2104.01409},
  year={2021}
}

@article{huang2022fastdiff,
  title={FastDiff: A Fast Conditional Diffusion Model for High-Quality Speech Synthesis},
  author={Huang, Rongjie and Lam, Max WY and Wang, Jun and Su, Dan and Yu, Dong and Ren, Yi and Zhao, Zhou},
  journal={arXiv preprint arXiv:2204.09934},
  year={2022}
}

@inproceedings{kim2022guided,
  title={Guided-tts: A diffusion model for text-to-speech via classifier guidance},
  author={Kim, Heeseung and Kim, Sungwon and Yoon, Sungroh},
  booktitle={International Conference on Machine Learning},
  pages={11119--11133},
  year={2022},
  organization={PMLR}
}

@article{liu2021delightfultts,
  title={Delightfultts: The microsoft speech synthesis system for blizzard challenge 2021},
  author={Liu, Yanqing and Xu, Zhihang and Wang, Gang and Chen, Kuan and Li, Bohan and Tan, Xu and Li, Jinzhu and He, Lei and Zhao, Sheng},
  journal={arXiv preprint arXiv:2110.12612},
  year={2021}
}

@inproceedings{ren2020fastspeech,
  title={FastSpeech 2: Fast and High-Quality End-to-End Text to Speech},
  author={Ren, Yi and Hu, Chenxu and Tan, Xu and Qin, Tao and Zhao, Sheng and Zhao, Zhou and Liu, Tie-Yan},
  booktitle={International Conference on Learning Representations},
  year={2020}
}

@inproceedings{ren2019fastspeech,
  title={FastSpeech: fast, robust and controllable text to speech},
  author={Ren, Yi and Ruan, Yangjun and Tan, Xu and Qin, Tao and Zhao, Sheng and Zhao, Zhou and Liu, Tie-Yan},
  booktitle={Proceedings of the 33rd International Conference on Neural Information Processing Systems},
  pages={3171--3180},
  year={2019}
}

@inproceedings{chen2020adaspeech,
  title={AdaSpeech: Adaptive Text to Speech for Custom Voice},
  author={Chen, Mingjian and Tan, Xu and Li, Bohan and Liu, Yanqing and Qin, Tao and Liu, Tie-Yan and others},
  booktitle={International Conference on Learning Representations},
  year={2020}
}

@inproceedings{ranasinghe2021orthogonal,
  title={Orthogonal projection loss},
  author={Ranasinghe, Kanchana and Naseer, Muzammal and Hayat, Munawar and Khan, Salman and Khan, Fahad Shahbaz},
  booktitle={Proceedings of the IEEE/CVF International Conference on Computer Vision},
  pages={12333--12343},
  year={2021}
}

@inproceedings{he2016deep,
  title={Deep residual learning for image recognition},
  author={He, Kaiming and Zhang, Xiangyu and Ren, Shaoqing and Sun, Jian},
  booktitle={Proceedings of the IEEE conference on computer vision and pattern recognition},
  pages={770--778},
  year={2016}
}

@inproceedings{pan21d_interspeech,
  author={Shifeng Pan and Lei He},
  title={{Cross-Speaker Style Transfer with Prosody Bottleneck in Neural Speech Synthesis}},
  year=2021,
  booktitle={Proc. Interspeech 2021},
  pages={4678--4682},
  doi={10.21437/Interspeech.2021-979}
}

@inproceedings{hu2018squeeze,
  title={Squeeze-and-excitation networks},
  author={Hu, Jie and Shen, Li and Sun, Gang},
  booktitle={Proceedings of the IEEE conference on computer vision and pattern recognition},
  pages={7132--7141},
  year={2018}
}

@inproceedings{preechakul2022diffusion,
  title={Diffusion autoencoders: Toward a meaningful and decodable representation},
  author={Preechakul, Konpat and Chatthee, Nattanat and Wizadwongsa, Suttisak and Suwajanakorn, Supasorn},
  booktitle={Proceedings of the IEEE/CVF Conference on Computer Vision and Pattern Recognition},
  pages={10619--10629},
  year={2022}
}

@article{ho2020denoising,
  title={Denoising diffusion probabilistic models},
  author={Ho, Jonathan and Jain, Ajay and Abbeel, Pieter},
  journal={Advances in Neural Information Processing Systems},
  volume={33},
  pages={6840--6851},
  year={2020}
}

@article{gulati2020conformer,
  title={Conformer: Convolution-augmented Transformer for Speech Recognition},
  author={Gulati, Anmol and Qin, James and Chiu, Chung-Cheng and Parmar, Niki and Zhang, Yu and Yu, Jiahui and Han, Wei and Wang, Shibo and Zhang, Zhengdong and Wu, Yonghui and others},
  journal={Proc. Interspeech 2020},
  pages={5036--5040},
  year={2020}
}

@article{hu2021neural,
  title={Neural Dubber: Dubbing for Videos According to Scripts},
  author={Hu, Chenxu and Tian, Qiao and Li, Tingle and Yuping, Wang and Wang, Yuxuan and Zhao, Hang},
  journal={Advances in Neural Information Processing Systems},
  volume={34},
  pages={16582--16595},
  year={2021}
}

@article{pourhosein2020using,
  title={Using computer-assisted pronunciation teaching (CAPT) in English pronunciation instruction: A study on the impact and the Teacher’s role},
  author={Pourhosein Gilakjani, Abbas and Rahimy, Ramin},
  journal={Education and information technologies},
  volume={25},
  number={2},
  pages={1129--1159},
  year={2020},
  publisher={Springer}
}


@article{kong2020hifi,
  title={Hifi-gan: Generative adversarial networks for efficient and high fidelity speech synthesis},
  author={Kong, Jungil and Kim, Jaehyeon and Bae, Jaekyoung},
  journal={Advances in Neural Information Processing Systems},
  volume={33},
  pages={17022--17033},
  year={2020}
}

@inproceedings{liu2020multi,
  title={Multi-Lingual Multi-Speaker Text-to-Speech Synthesis for Voice Cloning with Online Speaker Enrollment.},
  author={Liu, Zhaoyu and Mak, Brian},
  booktitle={INTERSPEECH},
  pages={2932--2936},
  year={2020}
}

@article{cao2022survey,
  title={A survey on generative diffusion model},
  author={Cao, Hanqun and Tan, Cheng and Gao, Zhangyang and Chen, Guangyong and Heng, Pheng-Ann and Li, Stan Z},
  journal={arXiv preprint arXiv:2209.02646},
  year={2022}
}

@article{dhariwal2021diffusion,
  title={Diffusion models beat gans on image synthesis},
  author={Dhariwal, Prafulla and Nichol, Alexander},
  journal={Advances in Neural Information Processing Systems},
  volume={34},
  pages={8780--8794},
  year={2021}
}

@inproceedings{song2020denoising,
  title={Denoising Diffusion Implicit Models},
  author={Song, Jiaming and Meng, Chenlin and Ermon, Stefano},
  booktitle={International Conference on Learning Representations},
  year={2020}
}

@inproceedings{kawar2022denoising,
  title={Denoising Diffusion Restoration Models},
  author={Kawar, Bahjat and Elad, Michael and Ermon, Stefano and Song, Jiaming},
  booktitle={ICLR Workshop on Deep Generative Models for Highly Structured Data},
  year={2022}
}

@inproceedings{rombach2022high,
  title={High-resolution image synthesis with latent diffusion models},
  author={Rombach, Robin and Blattmann, Andreas and Lorenz, Dominik and Esser, Patrick and Ommer, Bj{\"o}rn},
  booktitle={Proceedings of the IEEE/CVF Conference on Computer Vision and Pattern Recognition},
  pages={10684--10695},
  year={2022}
}

@article{leng2022binauralgrad,
  title={BinauralGrad: A Two-Stage Conditional Diffusion Probabilistic Model for Binaural Audio Synthesis},
  author={Leng, Yichong and Chen, Zehua and Guo, Junliang and Liu, Haohe and Chen, Jiawei and Tan, Xu and Mandic, Danilo and He, Lei and Li, Xiang-Yang and Qin, Tao and others},
  journal={arXiv preprint arXiv:2205.14807},
  year={2022}
}

@inproceedings{huang2022prodiff,
  title={Prodiff: Progressive fast diffusion model for high-quality text-to-speech},
  author={Huang, Rongjie and Zhao, Zhou and Liu, Huadai and Liu, Jinglin and Cui, Chenye and Ren, Yi},
  booktitle={Proceedings of the 30th ACM International Conference on Multimedia},
  pages={2595--2605},
  year={2022}
}

@article{yang2022diffsound,
  title={Diffsound: Discrete diffusion model for text-to-sound generation},
  author={Yang, Dongchao and Yu, Jianwei and Wang, Helin and Wang, Wen and Weng, Chao and Zou, Yuexian and Yu, Dong},
  journal={arXiv preprint arXiv:2207.09983},
  year={2022}
}

@inproceedings{popov2021diffusion,
  title={Diffusion-Based Voice Conversion with Fast Maximum Likelihood Sampling Scheme},
  author={Popov, Vadim and Vovk, Ivan and Gogoryan, Vladimir and Sadekova, Tasnima and Kudinov, Mikhail Sergeevich and Wei, Jiansheng},
  booktitle={International Conference on Learning Representations},
  year={2021}
}

@article{kim22guided,
  title={Guided-TTS 2: A Diffusion Model for High-quality Adaptive Text-to-Speech with Untranscribed Data},
  author={Kim, Sungwon and Kim, Heeseung and Yoon, Sungroh},
  journal={arXiv preprint arXiv:2205.15370},
  year={2022}
}

@inproceedings{xue22c_interspeech,
  author={Heyang Xue and Xinsheng Wang and Yongmao Zhang and Lei Xie and Pengcheng Zhu and Mengxiao Bi},
  title={{Learn2Sing 2.0: Diffusion and Mutual Information-Based Target Speaker SVS by Learning from Singing Teacher}},
  year=2022,
  booktitle={Proc. Interspeech 2022},
  pages={4267--4271},
  doi={10.21437/Interspeech.2022-960}
}

@inproceedings{liu2022diffsinger,
  title={Diffsinger: Singing voice synthesis via shallow diffusion mechanism},
  author={Liu, Jinglin and Li, Chengxi and Ren, Yi and Chen, Feiyang and Zhao, Zhou},
  booktitle={Proceedings of the AAAI Conference on Artificial Intelligence},
  volume={36},
  number={10},
  pages={11020--11028},
  year={2022}
}

@inproceedings{lee2021priorgrad,
  title={PriorGrad: Improving Conditional Denoising Diffusion Models with Data-Dependent Adaptive Prior},
  author={Lee, Sang-gil and Kim, Heeseung and Shin, Chaehun and Tan, Xu and Liu, Chang and Meng, Qi and Qin, Tao and Chen, Wei and Yoon, Sungroh and Liu, Tie-Yan},
  booktitle={International Conference on Learning Representations},
  year={2021}
}

@article{an2022disentangling,
  title={Disentangling Style and Speaker Attributes for TTS Style Transfer},
  author={An, Xiaochun and Soong, Frank K and Xie, Lei},
  journal={IEEE/ACM Transactions on Audio, Speech, and Language Processing},
  volume={30},
  pages={646--658},
  year={2022},
  publisher={IEEE}
}

@inproceedings{onishi2022mocovc,
  title={MoCoVC: Non-parallel Voice Conversion with Momentum Contrastive Representation Learning},
  author={Onishi, Kotaro and Nakashika, Toru},
  booktitle={2022 Asia-Pacific Signal and Information Processing Association Annual Summit and Conference (APSIPA ASC)},
  pages={1438--1443},
  year={2022},
  organization={IEEE}
}

@inproceedings{ronneberger2015u,
  title={U-net: Convolutional networks for biomedical image segmentation},
  author={Ronneberger, Olaf and Fischer, Philipp and Brox, Thomas},
  booktitle={International Conference on Medical image computing and computer-assisted intervention},
  pages={234--241},
  year={2015},
  organization={Springer}
}

@inproceedings{terashima22_interspeech,
  author={Ryo Terashima and Ryuichi Yamamoto and Eunwoo Song and Yuma Shirahata and Hyun-Wook Yoon and Jae-Min Kim and Kentaro Tachibana},
  title={{Cross-Speaker Emotion Transfer for Low-Resource Text-to-Speech Using Non-Parallel Voice Conversion with Pitch-Shift Data Augmentation}},
  year=2022,
  booktitle={Proc. Interspeech 2022},
  pages={3018--3022},
  doi={10.21437/Interspeech.2022-11278}
}

@article{liu2021expressive,
  title={Expressive tts training with frame and style reconstruction loss},
  author={Liu, Rui and Sisman, Berrak and Gao, Guanglai and Li, Haizhou},
  journal={IEEE/ACM Transactions on Audio, Speech, and Language Processing},
  volume={29},
  pages={1806--1818},
  year={2021},
  publisher={IEEE}
}

@inproceedings{liu22i_interspeech,
  author={Rui Liu and Berrak Sisman and Björn Schuller and Guanglai Gao and Haizhou Li},
  title={{Accurate Emotion Strength Assessment for Seen and Unseen Speech Based on Data-Driven Deep Learning}},
  year=2022,
  booktitle={Proc. Interspeech 2022},
  pages={5493--5497},
  doi={10.21437/Interspeech.2022-534}
}


% Use this file for citations not found in the ACL Anthology (contained in "anthology.bib").

@inproceedings{DBLP:conf/nips/RenRTQZZL19,
  author    = {Yi Ren and
               Yangjun Ruan and
               Xu Tan and
               Tao Qin and
               Sheng Zhao and
               Zhou Zhao and
               Tie{-}Yan Liu},
  editor    = {Hanna M. Wallach and
               Hugo Larochelle and
               Alina Beygelzimer and
               Florence d'Alch{\'{e}}{-}Buc and
               Emily B. Fox and
               Roman Garnett},
  title     = {FastSpeech: Fast, Robust and Controllable Text to Speech},
  booktitle = {Advances in Neural Information Processing Systems 32: Annual Conference
               on Neural Information Processing Systems 2019, NeurIPS 2019, December
               8-14, 2019, Vancouver, BC, Canada},
  pages     = {3165--3174},
  year      = {2019},
  }

  @inproceedings{DBLP:conf/interspeech/WangSSWWJYXCBLA17,
  author    = {Yuxuan Wang and
               R. J. Skerry{-}Ryan and
               Daisy Stanton and
               Yonghui Wu and
               Ron J. Weiss and
               Navdeep Jaitly and
               Zongheng Yang and
               Ying Xiao and
               Zhifeng Chen and
               Samy Bengio and
               Quoc V. Le and
               Yannis Agiomyrgiannakis and
               Rob Clark and
               Rif A. Saurous},
  editor    = {Francisco Lacerda},
  title     = {Tacotron: Towards End-to-End Speech Synthesis},
  booktitle = {Interspeech 2017, 18th Annual Conference of the International Speech
               Communication Association, Stockholm, Sweden, August 20-24, 2017},
  pages     = {4006--4010},
  publisher = {{ISCA}},
  year      = {2017},
}

@inproceedings{DBLP:conf/aaai/Li0LZL19,
  author    = {Naihan Li and
               Shujie Liu and
               Yanqing Liu and
               Sheng Zhao and
               Ming Liu},
  title     = {Neural Speech Synthesis with Transformer Network},
  booktitle = {The Thirty-Third {AAAI} Conference on Artificial Intelligence, {AAAI}
               2019, The Thirty-First Innovative Applications of Artificial Intelligence
               Conference, {IAAI} 2019, The Ninth {AAAI} Symposium on Educational
               Advances in Artificial Intelligence, {EAAI} 2019, Honolulu, Hawaii,
               USA, January 27 - February 1, 2019},
  pages     = {6706--6713},
  publisher = {{AAAI} Press},
  year      = {2019},
}

@inproceedings{DBLP:conf/iclr/Chen0LLQZL21,
  author    = {Mingjian Chen and
               Xu Tan and
               Bohan Li and
               Yanqing Liu and
               Tao Qin and
               Sheng Zhao and
               Tie{-}Yan Liu},
  title     = {AdaSpeech: Adaptive Text to Speech for Custom Voice},
  booktitle = {9th International Conference on Learning Representations, {ICLR} 2021,
               Virtual Event, Austria, May 3-7, 2021},
  publisher = {OpenReview.net},
  year      = {2021},
}

@inproceedings{DBLP:conf/interspeech/JeongKCCK21,
  author    = {Myeonghun Jeong and
               Hyeongju Kim and
               Sung Jun Cheon and
               Byoung Jin Choi and
               Nam Soo Kim},
  editor    = {Hynek Hermansky and
               Honza Cernock{\'{y}} and
               Luk{\'{a}}s Burget and
               Lori Lamel and
               Odette Scharenborg and
               Petr Motl{\'{\i}}cek},
  title     = {Diff-TTS: {A} Denoising Diffusion Model for Text-to-Speech},
  booktitle = {Interspeech 2021, 22nd Annual Conference of the International Speech
               Communication Association, Brno, Czechia, 30 August - 3 September
               2021},
  pages     = {3605--3609},
  publisher = {{ISCA}},
  year      = {2021},
}

@inproceedings{DBLP:conf/icassp/WeissSBMK21,
  author    = {Ron J. Weiss and
               R. J. Skerry{-}Ryan and
               Eric Battenberg and
               Soroosh Mariooryad and
               Diederik P. Kingma},
  title     = {Wave-Tacotron: Spectrogram-Free End-to-End Text-to-Speech Synthesis},
  booktitle = {{IEEE} International Conference on Acoustics, Speech and Signal Processing,
               {ICASSP} 2021, Toronto, ON, Canada, June 6-11, 2021},
  pages     = {5679--5683},
  publisher = {{IEEE}},
  year      = {2021},
}

@inproceedings{DBLP:conf/icml/KimKS21,
  author    = {Jaehyeon Kim and
               Jungil Kong and
               Juhee Son},
  editor    = {Marina Meila and
               Tong Zhang},
  title     = {Conditional Variational Autoencoder with Adversarial Learning for
               End-to-End Text-to-Speech},
  booktitle = {Proceedings of the 38th International Conference on Machine Learning,
               {ICML} 2021, 18-24 July 2021, Virtual Event},
  series    = {Proceedings of Machine Learning Research},
  volume    = {139},
  pages     = {5530--5540},
  publisher = {{PMLR}},
  year      = {2021},
}

@article{DBLP:journals/taslp/LeiYWX22,
  author    = {Yi Lei and
               Shan Yang and
               Xinsheng Wang and
               Lei Xie},
  title     = {MsEmoTTS: Multi-Scale Emotion Transfer, Prediction, and Control for
               Emotional Speech Synthesis},
  journal   = {{IEEE} {ACM} Trans. Audio Speech Lang. Process.},
  volume    = {30},
  pages     = {853--864},
  year      = {2022},
}

@inproceedings{DBLP:conf/interspeech/ZhangWZWCSJRR19,
  author    = {Yu Zhang and
               Ron J. Weiss and
               Heiga Zen and
               Yonghui Wu and
               Zhifeng Chen and
               R. J. Skerry{-}Ryan and
               Ye Jia and
               Andrew Rosenberg and
               Bhuvana Ramabhadran},
  editor    = {Gernot Kubin and
               Zdravko Kacic},
  title     = {Learning to Speak Fluently in a Foreign Language: Multilingual Speech
               Synthesis and Cross-Language Voice Cloning},
  booktitle = {Interspeech 2019, 20th Annual Conference of the International Speech
               Communication Association, Graz, Austria, 15-19 September 2019},
  pages     = {2080--2084},
  publisher = {{ISCA}},
  year      = {2019},
}

@inproceedings{DBLP:conf/interspeech/NekvindaD20,
  author    = {Tom{\'{a}}s Nekvinda and
               Ondrej Dusek},
  editor    = {Helen Meng and
               Bo Xu and
               Thomas Fang Zheng},
  title     = {One Model, Many Languages: Meta-Learning for Multilingual Text-to-Speech},
  booktitle = {Interspeech 2020, 21st Annual Conference of the International Speech
               Communication Association, Virtual Event, Shanghai, China, 25-29 October
               2020},
  pages     = {2972--2976},
  publisher = {{ISCA}},
  year      = {2020},
}

@inproceedings{DBLP:conf/interspeech/ChenCLMCWX19,
  author    = {Mengnan Chen and
               Minchuan Chen and
               Shuang Liang and
               Jun Ma and
               Lei Chen and
               Shaojun Wang and
               Jing Xiao},
  editor    = {Gernot Kubin and
               Zdravko Kacic},
  title     = {Cross-Lingual, Multi-Speaker Text-To-Speech Synthesis Using Neural
               Speaker Embedding},
  booktitle = {Interspeech 2019, 20th Annual Conference of the International Speech
               Communication Association, Graz, Austria, 15-19 September 2019},
  pages     = {2105--2109},
  publisher = {{ISCA}},
  year      = {2019},
}

@inproceedings{DBLP:conf/icassp/CaoWLYLWLM19,
  author    = {Yuewen Cao and
               Xixin Wu and
               Songxiang Liu and
               Jianwei Yu and
               Xu Li and
               Zhiyong Wu and
               Xunying Liu and
               Helen Meng},
  title     = {End-to-end Code-switched {TTS} with Mix of Monolingual Recordings},
  booktitle = {{IEEE} International Conference on Acoustics, Speech and Signal Processing,
               {ICASSP} 2019, Brighton, United Kingdom, May 12-17, 2019},
  pages     = {6935--6939},
  publisher = {{IEEE}},
  year      = {2019},
}

@inproceedings{DBLP:conf/icassp/XinKTS21,
  author    = {Detai Xin and
               Tatsuya Komatsu and
               Shinnosuke Takamichi and
               Hiroshi Saruwatari},
  title     = {Disentangled Speaker and Language Representations Using Mutual Information
               Minimization and Domain Adaptation for Cross-Lingual {TTS}},
  booktitle = {{IEEE} International Conference on Acoustics, Speech and Signal Processing,
               {ICASSP} 2021, Toronto, ON, Canada, June 6-11, 2021},
  pages     = {6608--6612},
  publisher = {{IEEE}},
  year      = {2021},
}

@inproceedings{DBLP:conf/interspeech/RattcliffeWMKMC22,
  author    = {Dino Rattcliffe and
               You Wang and
               Alex Mansbridge and
               Penny Karanasou and
               Alexis Moinet and
               Marius Cotescu},
  editor    = {Hanseok Ko and
               John H. L. Hansen},
  title     = {Cross-lingual Style Transfer with Conditional Prior {VAE} and Style Loss},
  booktitle = {Interspeech 2022, 23rd Annual Conference of the International Speech
               Communication Association, Incheon, Korea, 18-22 September 2022},
  pages     = {4586--4590},
  publisher = {{ISCA}},
  year      = {2022},
}

@inproceedings{DBLP:conf/interspeech/ShangHZZ021,
  author    = {Zengqiang Shang and
               Zhihua Huang and
               Haozhe Zhang and
               Pengyuan Zhang and
               Yonghong Yan},
  editor    = {Hynek Hermansky and
               Honza Cernock{\'{y}} and
               Luk{\'{a}}s Burget and
               Lori Lamel and
               Odette Scharenborg and
               Petr Motl{\'{\i}}cek},
  title     = {Incorporating Cross-Speaker Style Transfer for Multi-Language Text-to-Speech},
  booktitle = {Interspeech 2021, 22nd Annual Conference of the International Speech
               Communication Association, Brno, Czechia, 30 August - 3 September
               2021},
  pages     = {1619--1623},
  publisher = {{ISCA}},
  year      = {2021},
}

@article{DBLP:journals/corr/abs-2206-14866,
  author    = {Guangyan Zhang and
               Ying Qin and
               Wenjie Zhang and
               Jialun Wu and
               Mei Li and
               Yutao Gai and
               Feijun Jiang and
               Tan Lee},
  title     = {iEmoTTS: Toward Robust Cross-Speaker Emotion Transfer and Control
               for Speech Synthesis based on Disentanglement between Prosody and
               Timbre},
  journal   = {CoRR},
  volume    = {abs/2206.14866},
  year      = {2022},
}

@inproceedings{DBLP:conf/interspeech/MengL0LSXSZM22,
  author    = {Yi Meng and
               Xiang Li and
               Zhiyong Wu and
               Tingtian Li and
               Zixun Sun and
               Xinyu Xiao and
               Chi Sun and
               Hui Zhan and
               Helen Meng},
  editor    = {Hanseok Ko and
               John H. L. Hansen},
  title     = {{CALM:} Constrastive Cross-modal Speaking Style Modeling for Expressive
               Text-to-Speech Synthesis},
  booktitle = {Interspeech 2022, 23rd Annual Conference of the International Speech
               Communication Association, Incheon, Korea, 18-22 September 2022},
  pages     = {5533--5537},
  publisher = {{ISCA}},
  year      = {2022},
}

@inproceedings{DBLP:conf/icml/WangSZRBSXJRS18,
  author    = {Yuxuan Wang and
               Daisy Stanton and
               Yu Zhang and
               R. J. Skerry{-}Ryan and
               Eric Battenberg and
               Joel Shor and
               Ying Xiao and
               Ye Jia and
               Fei Ren and
               Rif A. Saurous},
  editor    = {Jennifer G. Dy and
               Andreas Krause},
  title     = {Style Tokens: Unsupervised Style Modeling, Control and Transfer in
               End-to-End Speech Synthesis},
  booktitle = {Proceedings of the 35th International Conference on Machine Learning,
               {ICML} 2018, Stockholmsm{\"{a}}ssan, Stockholm, Sweden, July
               10-15, 2018},
  series    = {Proceedings of Machine Learning Research},
  volume    = {80},
  pages     = {5167--5176},
  publisher = {{PMLR}},
  year      = {2018},
}

@article{DBLP:journals/spl/LeiYZXS22,
  author    = {Yi Lei and
               Shan Yang and
               Xinfa Zhu and
               Lei Xie and
               Dan Su},
  title     = {Cross-Speaker Emotion Transfer Through Information Perturbation in
               Emotional Speech Synthesis},
  journal   = {{IEEE} Signal Process. Lett.},
  volume    = {29},
  pages     = {1948--1952},
  year      = {2022},
}

@inproceedings{DBLP:conf/ssw/SitaramRRB16,
  author    = {Sunayana Sitaram and
               Sai Krishna Rallabandi and
               Shruti Rijhwani and
               Alan W. Black},
  title     = {Experiments with Cross-lingual Systems for Synthesis of Code-Mixed
               Text},
  booktitle = {The 9th {ISCA} Speech Synthesis Workshop, Sunnyvale, CA, USA, 13-15
               September 2016},
  pages     = {76--81},
  publisher = {{ISCA}},
  year      = {2016},
}

@inproceedings{DBLP:conf/interspeech/XueSXXW19,
  author    = {Liumeng Xue and
               Wei Song and
               Guanghui Xu and
               Lei Xie and
               Zhizheng Wu},
  editor    = {Gernot Kubin and
               Zdravko Kacic},
  title     = {Building a Mixed-Lingual Neural {TTS} System with Only Monolingual
               Data},
  booktitle = {Interspeech 2019, 20th Annual Conference of the International Speech
               Communication Association, Graz, Austria, 15-19 September 2019},
  pages     = {2060--2064},
  publisher = {{ISCA}},
  year      = {2019},
}

@inproceedings{DBLP:conf/interspeech/LiZ16,
  author    = {Bo Li and
               Heiga Zen},
  editor    = {Nelson Morgan},
  title     = {Multi-Language Multi-Speaker Acoustic Modeling for {LSTM-RNN} Based
               Statistical Parametric Speech Synthesis},
  booktitle = {Interspeech 2016, 17th Annual Conference of the International Speech
               Communication Association, San Francisco, CA, USA, September 8-12,
               2016},
  pages     = {2468--2472},
  publisher = {{ISCA}},
  year      = {2016},
}

@inproceedings{DBLP:conf/icassp/NachmaniW19,
  author    = {Eliya Nachmani and
               Lior Wolf},
  title     = {Unsupervised Polyglot Text-to-speech},
  booktitle = {{IEEE} International Conference on Acoustics, Speech and Signal Processing,
               {ICASSP} 2019, Brighton, United Kingdom, May 12-17, 2019},
  pages     = {7055--7059},
  publisher = {{IEEE}},
  year      = {2019},
}


@article{DBLP:journals/corr/abs-2110-04153,
  author    = {Pengfei Wu and
               Junjie Pan and
               Chenchang Xu and
               Junhui Zhang and
               Lin Wu and
               Xiang Yin and
               Zejun Ma},
  title     = {Cross-speaker Emotion Transfer Based on Speaker Condition Layer Normalization
               and Semi-Supervised Training in Text-To-Speech},
  journal   = {CoRR},
  volume    = {abs/2110.04153},
  year      = {2021},
}

@article{DBLP:journals/taslp/LiWXWX22,
  author    = {Tao Li and
               Xinsheng Wang and
               Qicong Xie and
               Zhichao Wang and
               Lei Xie},
  title     = {Cross-Speaker Emotion Disentangling and Transfer for End-to-End Speech
               Synthesis},
  journal   = {{IEEE} {ACM} Trans. Audio Speech Lang. Process.},
  volume    = {30},
  pages     = {1448--1460},
  year      = {2022},
}

@inproceedings{DBLP:conf/apsipa/AnLD17,
  author    = {Shumin An and
               Zhenhua Ling and
               Lirong Dai},
  title     = {Emotional statistical parametric speech synthesis using LSTM-RNNs},
  booktitle = {2017 Asia-Pacific Signal and Information Processing Association Annual
               Summit and Conference, {APSIPA} {ASC} 2017, Kuala Lumpur, Malaysia,
               December 12-15, 2017},
  pages     = {1613--1616},
  publisher = {{IEEE}},
  year      = {2017},
}

@article{DBLP:journals/corr/abs-1711-05447,
  author    = {Younggun Lee and
               Azam Rabiee and
               Soo{-}Young Lee},
  title     = {Emotional End-to-End Neural Speech Synthesizer},
  journal   = {CoRR},
  volume    = {abs/1711.05447},
  year      = {2017},
}

@inproceedings{DBLP:conf/icml/Skerry-RyanBXWS18,
  author    = {R. J. Skerry{-}Ryan and
               Eric Battenberg and
               Ying Xiao and
               Yuxuan Wang and
               Daisy Stanton and
               Joel Shor and
               Ron J. Weiss and
               Rob Clark and
               Rif A. Saurous},
  editor    = {Jennifer G. Dy and
               Andreas Krause},
  title     = {Towards End-to-End Prosody Transfer for Expressive Speech Synthesis
               with Tacotron},
  booktitle = {Proceedings of the 35th International Conference on Machine Learning,
               {ICML} 2018, Stockholmsm{\"{a}}ssan, Stockholm, Sweden, July
               10-15, 2018},
  series    = {Proceedings of Machine Learning Research},
  volume    = {80},
  pages     = {4700--4709},
  publisher = {{PMLR}},
  year      = {2018},
}

@inproceedings{DBLP:conf/interspeech/AkuzawaIM18,
  author    = {Kei Akuzawa and
               Yusuke Iwasawa and
               Yutaka Matsuo},
  editor    = {B. Yegnanarayana},
  title     = {Expressive Speech Synthesis via Modeling Expressions with Variational
               Autoencoder},
  booktitle = {Interspeech 2018, 19th Annual Conference of the International Speech
               Communication Association, Hyderabad, India, 2-6 September 2018},
  pages     = {3067--3071},
  publisher = {{ISCA}},
  year      = {2018},
}

@inproceedings{DBLP:conf/interspeech/LiWXWJX22,
  author    = {Tao Li and
               Xinsheng Wang and
               Qicong Xie and
               Zhichao Wang and
               Mingqi Jiang and
               Lei Xie},
  editor    = {Hanseok Ko and
               John H. L. Hansen},
  title     = {Cross-speaker Emotion Transfer Based On Prosody Compensation for End-to-End
               Speech Synthesis},
  booktitle = {Interspeech 2022, 23rd Annual Conference of the International Speech
               Communication Association, Incheon, Korea, 18-22 September 2022},
  pages     = {5498--5502},
  publisher = {{ISCA}},
  year      = {2022},
}

@inproceedings{DBLP:conf/icml/ChangSKZT22,
  author    = {Jen{-}Hao Rick Chang and
               Ashish Shrivastava and
               Hema Koppula and
               Xiaoshuai Zhang and
               Oncel Tuzel},
  editor    = {Kamalika Chaudhuri and
               Stefanie Jegelka and
               Le Song and
               Csaba Szepesv{\'{a}}ri and
               Gang Niu and
               Sivan Sabato},
  title     = {Style Equalization: Unsupervised Learning of Controllable Generative
               Sequence Models},
  booktitle = {International Conference on Machine Learning, {ICML} 2022, 17-23 July
               2022, Baltimore, Maryland, {USA}},
  series    = {Proceedings of Machine Learning Research},
  volume    = {162},
  pages     = {2917--2937},
  publisher = {{PMLR}},
  year      = {2022},
}

@inproceedings{DBLP:conf/icassp/YiHPWX22,
  author    = {Yuanhao Yi and
               Lei He and
               Shifeng Pan and
               Xi Wang and
               Yujia Xiao},
  title     = {Prosodyspeech: Towards Advanced Prosody Model for Neural Text-to-Speech},
  booktitle = {{IEEE} International Conference on Acoustics, Speech and Signal Processing,
               {ICASSP} 2022, Virtual and Singapore, 23-27 May 2022},
  pages     = {7582--7586},
  publisher = {{IEEE}},
  year      = {2022},
}

@inproceedings{DBLP:conf/coling/Lan018,
  author    = {Wuwei Lan and
               Wei Xu},
  editor    = {Emily M. Bender and
               Leon Derczynski and
               Pierre Isabelle},
  title     = {Neural Network Models for Paraphrase Identification, Semantic Textual
               Similarity, Natural Language Inference, and Question Answering},
  booktitle = {Proceedings of the 27th International Conference on Computational
               Linguistics, {COLING} 2018, Santa Fe, New Mexico, USA, August 20-26,
               2018},
  pages     = {3890--3902},
  publisher = {Association for Computational Linguistics},
  year      = {2018},
}

@article{DBLP:journals/corr/abs-2110-12612,
  author    = {Yanqing Liu and
               Zhihang Xu and
               Gang Wang and
               Kuan Chen and
               Bohan Li and
               Xu Tan and
               Jinzhu Li and
               Lei He and
               Sheng Zhao},
  title     = {DelightfulTTS: The Microsoft Speech Synthesis System for Blizzard
               Challenge 2021},
  journal   = {CoRR},
  volume    = {abs/2110.12612},
  year      = {2021},
}

@inproceedings{DBLP:conf/smc/KimLLJL21,
  author    = {Ji{-}Hoon Kim and
               Sang{-}Hoon Lee and
               Ji{-}Hyun Lee and
               Honggyu Jung and
               Seong{-}Whan Lee},
  title     = {{GC-TTS:} Few-shot Speaker Adaptation with Geometric Constraints},
  booktitle = {2021 {IEEE} International Conference on Systems, Man, and Cybernetics,
               {SMC} 2021, Melbourne, Australia, October 17-20, 2021},
  pages     = {1172--1177},
  publisher = {{IEEE}},
  year      = {2021},
}

@inproceedings{DBLP:conf/nips/KumarKBGTSBBC19,
  author    = {Kundan Kumar and
               Rithesh Kumar and
               Thibault de Boissiere and
               Lucas Gestin and
               Wei Zhen Teoh and
               Jose Sotelo and
               Alexandre de Br{\'{e}}bisson and
               Yoshua Bengio and
               Aaron C. Courville},
  editor    = {Hanna M. Wallach and
               Hugo Larochelle and
               Alina Beygelzimer and
               Florence d'Alch{\'{e}}{-}Buc and
               Emily B. Fox and
               Roman Garnett},
  title     = {MelGAN: Generative Adversarial Networks for Conditional Waveform Synthesis},
  booktitle = {Advances in Neural Information Processing Systems 32: Annual Conference
               on Neural Information Processing Systems 2019, NeurIPS 2019, December
               8-14, 2019, Vancouver, BC, Canada},
  pages     = {14881--14892},
  year      = {2019},
}

@inproceedings{DBLP:conf/interspeech/YaoWWZYYPCXL21,
  author    = {Zhuoyuan Yao and
               Di Wu and
               Xiong Wang and
               Binbin Zhang and
               Fan Yu and
               Chao Yang and
               Zhendong Peng and
               Xiaoyu Chen and
               Lei Xie and
               Xin Lei},
  editor    = {Hynek Hermansky and
               Honza Cernock{\'{y}} and
               Luk{\'{a}}s Burget and
               Lori Lamel and
               Odette Scharenborg and
               Petr Motl{\'{\i}}cek},
  title     = {WeNet: Production Oriented Streaming and Non-Streaming End-to-End
               Speech Recognition Toolkit},
  booktitle = {Interspeech 2021, 22nd Annual Conference of the International Speech
               Communication Association, Brno, Czechia, 30 August - 3 September
               2021},
  pages     = {4054--4058},
  publisher = {{ISCA}},
  year      = {2021},
}

@inproceedings{DBLP:conf/interspeech/DesplanquesTD20,
  author    = {Brecht Desplanques and
               Jenthe Thienpondt and
               Kris Demuynck},
  editor    = {Helen Meng and
               Bo Xu and
               Thomas Fang Zheng},
  title     = {{ECAPA-TDNN:} Emphasized Channel Attention, Propagation and Aggregation
               in {TDNN} Based Speaker Verification},
  booktitle = {Interspeech 2020, 21st Annual Conference of the International Speech
               Communication Association, Virtual Event, Shanghai, China, 25-29 October
               2020},
  pages     = {3830--3834},
  publisher = {{ISCA}},
  year      = {2020},
}

@article{DBLP:journals/tip/WangBSS04,
  author    = {Zhou Wang and
               Alan C. Bovik and
               Hamid R. Sheikh and
               Eero P. Simoncelli},
  title     = {Image quality assessment: from error visibility to structural similarity},
  journal   = {{IEEE} Trans. Image Process.},
  volume    = {13},
  number    = {4},
  pages     = {600--612},
  year      = {2004},
}

@inproceedings{DBLP:conf/nips/ChoiLKLHL21,
  author    = {Hyeong{-}Seok Choi and
               Juheon Lee and
               Wansoo Kim and
               Jie Lee and
               Hoon Heo and
               Kyogu Lee},
  editor    = {Marc'Aurelio Ranzato and
               Alina Beygelzimer and
               Yann N. Dauphin and
               Percy Liang and
               Jennifer Wortman Vaughan},
  title     = {Neural Analysis and Synthesis: Reconstructing Speech from Self-Supervised
               Representations},
  booktitle = {Advances in Neural Information Processing Systems 34: Annual Conference
               on Neural Information Processing Systems 2021, NeurIPS 2021, December
               6-14, 2021, virtual},
  pages     = {16251--16265},
  year      = {2021},
}

@article{DBLP:journals/ieicet/MoriseYO16,
  author    = {Masanori Morise and
               Fumiya Yokomori and
               Kenji Ozawa},
  title     = {{WORLD:} {A} Vocoder-Based High-Quality Speech Synthesis System for
               Real-Time Applications},
  journal   = {{IEICE} Trans. Inf. Syst.},
  volume    = {99-D},
  number    = {7},
  pages     = {1877--1884},
  year      = {2016},
}

@inproceedings{DBLP:conf/acl/0006TQZL22,
  author    = {Yi Ren and
               Xu Tan and
               Tao Qin and
               Zhou Zhao and
               Tie{-}Yan Liu},
  editor    = {Smaranda Muresan and
               Preslav Nakov and
               Aline Villavicencio},
  title     = {Revisiting Over-Smoothness in Text to Speech},
  booktitle = {Proceedings of the 60th Annual Meeting of the Association for Computational
               Linguistics (Volume 1: Long Papers), {ACL} 2022, Dublin, Ireland,
               May 22-27, 2022},
  pages     = {8197--8213},
  publisher = {Association for Computational Linguistics},
  year      = {2022},
}

@inproceedings{DBLP:conf/icml/MinLYH21,
  author    = {Dongchan Min and
               Dong Bok Lee and
               Eunho Yang and
               Sung Ju Hwang},
  editor    = {Marina Meila and
               Tong Zhang},
  title     = {Meta-StyleSpeech : Multi-Speaker Adaptive Text-to-Speech Generation},
  booktitle = {Proceedings of the 38th International Conference on Machine Learning,
               {ICML} 2021, 18-24 July 2021, Virtual Event},
  series    = {Proceedings of Machine Learning Research},
  volume    = {139},
  pages     = {7748--7759},
  publisher = {{PMLR}},
  year      = {2021},
}

@inproceedings{DBLP:conf/icassp/WuSLW22,
  author    = {Qinghua Wu and
               Quanbo Shen and
               Jian Luan and
               Yujun Wang},
  title     = {{MSDTRON:} {A} High-Capability Multi-Speaker Speech Synthesis System
               for Diverse Data Using Characteristic Information},
  booktitle = {{IEEE} International Conference on Acoustics, Speech and Signal Processing,
               {ICASSP} 2022, Virtual and Singapore, 23-27 May 2022},
  pages     = {6327--6331},
  publisher = {{IEEE}},
  year      = {2022},
}

@inproceedings{DBLP:conf/icassp/LiuYSY22,
  author    = {Songxiang Liu and
               Shan Yang and
               Dan Su and
               Dong Yu},
  title     = {Referee: Towards Reference-Free Cross-Speaker Style Transfer with
               Low-Quality Data for Expressive Speech Synthesis},
  booktitle = {{IEEE} International Conference on Acoustics, Speech and Signal Processing,
               {ICASSP} 2022, Virtual and Singapore, 23-27 May 2022},
  pages     = {6307--6311},
  publisher = {{IEEE}},
  year      = {2022},
}
@inproceedings{DBLP:conf/icassp/Yan0LQZSL21,
  author    = {Yuzi Yan and
               Xu Tan and
               Bohan Li and
               Tao Qin and
               Sheng Zhao and
               Yuan Shen and
               Tie{-}Yan Liu},
  title     = {Adaspeech 2: Adaptive Text to Speech with Untranscribed Data},
  booktitle = {{IEEE} International Conference on Acoustics, Speech and Signal Processing,
               {ICASSP} 2021, Toronto, ON, Canada, June 6-11, 2021},
  pages     = {6613--6617},
  publisher = {{IEEE}},
  year      = {2021},
}

@inproceedings{DBLP:conf/interspeech/SaekiTY22,
  author    = {Takaaki Saeki and
               Kentaro Tachibana and
               Ryuichi Yamamoto},
  editor    = {Hanseok Ko and
               John H. L. Hansen},
  title     = {DRSpeech: Degradation-Robust Text-to-Speech Synthesis with Frame-Level
               and Utterance-Level Acoustic Representation Learning},
  booktitle = {Interspeech 2022, 23rd Annual Conference of the International Speech
               Communication Association, Incheon, Korea, 18-22 September 2022},
  pages     = {793--797},
  publisher = {{ISCA}},
  year      = {2022},
}

@inproceedings{DBLP:conf/interspeech/GulatiQCPZYHWZW20,
  author    = {Anmol Gulati and
               James Qin and
               Chung{-}Cheng Chiu and
               Niki Parmar and
               Yu Zhang and
               Jiahui Yu and
               Wei Han and
               Shibo Wang and
               Zhengdong Zhang and
               Yonghui Wu and
               Ruoming Pang},
  editor    = {Helen Meng and
               Bo Xu and
               Thomas Fang Zheng},
  title     = {Conformer: Convolution-augmented Transformer for Speech Recognition},
  booktitle = {Interspeech 2020, 21st Annual Conference of the International Speech
               Communication Association, Virtual Event, Shanghai, China, 25-29 October
               2020},
  pages     = {5036--5040},
  publisher = {{ISCA}},
  year      = {2020},
}

@inproceedings{DBLP:conf/nips/VaswaniSPUJGKP17,
  author    = {Ashish Vaswani and
               Noam Shazeer and
               Niki Parmar and
               Jakob Uszkoreit and
               Llion Jones and
               Aidan N. Gomez and
               Lukasz Kaiser and
               Illia Polosukhin},
  title     = {Attention is All you Need},
  booktitle = {Proc. NIPS},
  pages     = {5998--6008},
  year      = {2017}
}


@inproceedings{DBLP:conf/icassp/ChanQZH22,
  author    = {Chak Ho Chan and
               Kaizhi Qian and
               Yang Zhang and
               Mark Hasegawa{-}Johnson},
  title     = {SpeechSplit2.0: Unsupervised Speech Disentanglement for Voice Conversion
               without Tuning Autoencoder Bottlenecks},
  booktitle = {{IEEE} International Conference on Acoustics, Speech and Signal Processing,
               {ICASSP} 2022, Virtual and Singapore, 23-27 May 2022},
  pages     = {6332--6336},
  publisher = {{IEEE}},
  year      = {2022},
  }

@article{DBLP:journals/corr/abs-2211-10568,
  author    = {Xinfa Zhu and
               Yi Lei and
               Kun Song and
               Yongmao Zhang and
               Tao Li and
               Lei Xie},
  title     = {Multi-Speaker Expressive Speech Synthesis via Multiple Factors Decoupling},
  journal   = {CoRR},
  volume    = {abs/2211.10568},
  year      = {2022},
}

@inproceedings{DBLP:conf/interspeech/WangLZ0KM21,
  author    = {Jie Wang and
               Jingbei Li and
               Xintao Zhao and
               Zhiyong Wu and
               Shiyin Kang and
               Helen Meng},
  editor    = {Hynek Hermansky and
               Honza Cernock{\'{y}} and
               Luk{\'{a}}s Burget and
               Lori Lamel and
               Odette Scharenborg and
               Petr Motl{\'{\i}}cek},
  title     = {Adversarially Learning Disentangled Speech Representations for Robust
               Multi-Factor Voice Conversion},
  booktitle = {Interspeech 2021, 22nd Annual Conference of the International Speech
               Communication Association, Brno, Czechia, 30 August - 3 September
               2021},
  pages     = {846--850},
  publisher = {{ISCA}},
  year      = {2021},
}

@inproceedings{DBLP:conf/interspeech/WangDYCLM21,
  author    = {Disong Wang and
               Liqun Deng and
               Yu Ting Yeung and
               Xiao Chen and
               Xunying Liu and
               Helen Meng},
  editor    = {Hynek Hermansky and
               Honza Cernock{\'{y}} and
               Luk{\'{a}}s Burget and
               Lori Lamel and
               Odette Scharenborg and
               Petr Motl{\'{\i}}cek},
  title     = {{VQMIVC:} Vector Quantization and Mutual Information-Based Unsupervised
               Speech Representation Disentanglement for One-Shot Voice Conversion},
  booktitle = {Interspeech 2021, 22nd Annual Conference of the International Speech
               Communication Association, Brno, Czechia, 30 August - 3 September
               2021},
  pages     = {1344--1348},
  publisher = {{ISCA}},
  year      = {2021},
}

@inproceedings{DBLP:conf/interspeech/PengL22,
  author    = {Yukun Peng and
               Zhenhua Ling},
  editor    = {Hanseok Ko and
               John H. L. Hansen},
  title     = {Decoupled Pronunciation and Prosody Modeling in Meta-Learning-based
               Multilingual Speech Synthesis},
  booktitle = {Interspeech 2022, 23rd Annual Conference of the International Speech
               Communication Association, Incheon, Korea, 18-22 September 2022},
  pages     = {4257--4261},
  publisher = {{ISCA}},
  year      = {2022},
}

@inproceedings{DBLP:conf/icassp/GongWLZD22,
  author    = {Cheng Gong and
               Longbiao Wang and
               Zhenhua Ling and
               Ju Zhang and
               Jianwu Dang},
  title     = {Using Multiple Reference Audios and Style Embedding Constraints for
               Speech Synthesis},
  booktitle = {{IEEE} International Conference on Acoustics, Speech and Signal Processing,
               {ICASSP} 2022, Virtual and Singapore, 23-27 May 2022},
  pages     = {7912--7916},
  publisher = {{IEEE}},
  year      = {2022},
}

@article{DBLP:journals/kbs/CherguiBG19,
  author    = {Oumayma Chergui and
               Ahlame Begdouri and
               Dominique Groux{-}Leclet},
  title     = {Integrating a Bayesian semantic similarity approach into {CBR} for
               knowledge reuse in Community Question Answering},
  journal   = {Knowl. Based Syst.},
  volume    = {185},
  year      = {2019},
}

@article{DBLP:journals/corr/abs-2205-07211,
  author    = {Rongjie Huang and
               Yi Ren and
               Jinglin Liu and
               Chenye Cui and
               Zhou Zhao},
  title     = {GenerSpeech: Towards Style Transfer for Generalizable Out-Of-Domain
               Text-to-Speech Synthesis},
  journal   = {CoRR},
  volume    = {abs/2205.07211},
  year      = {2022},
}

@article{DBLP:journals/corr/abs-2210-15834,
  author    = {Jiaxin Ye and
               Xin{-}Cheng Wen and
               Xuan{-}Ze Wang and
               Yong Xu and
               Yan Luo and
               Chang{-}Li Wu and
               Li{-}Yan Chen and
               Kun{-}Hong Liu},
  title     = {GM-TCNet: Gated Multi-scale Temporal Convolutional Network using Emotion
               Causality for Speech Emotion Recognition},
  journal   = {CoRR},
  volume    = {abs/2210.15834},
  year      = {2022},
}

@article{DBLP:journals/taslp/YooLY15,
  author    = {In{-}Chul Yoo and
               Hyeontaek Lim and
               Dongsuk Yook},
  title     = {Formant-Based Robust Voice Activity Detection},
  journal   = {{IEEE} {ACM} Trans. Audio Speech Lang. Process.},
  volume    = {23},
  number    = {12},
  pages     = {2238--2245},
  year      = {2015},
}

@inproceedings{DBLP:conf/interspeech/ChenCWDZWSPTZJK21,
  author    = {Guoguo Chen and
               Shuzhou Chai and
               Guan{-}Bo Wang and
               Jiayu Du and
               Wei{-}Qiang Zhang and
               Chao Weng and
               Dan Su and
               Daniel Povey and
               Jan Trmal and
               Junbo Zhang and
               Mingjie Jin and
               Sanjeev Khudanpur and
               Shinji Watanabe and
               Shuaijiang Zhao and
               Wei Zou and
               Xiangang Li and
               Xuchen Yao and
               Yongqing Wang and
               Zhao You and
               Zhiyong Yan},
  editor    = {Hynek Hermansky and
               Honza Cernock{\'{y}} and
               Luk{\'{a}}s Burget and
               Lori Lamel and
               Odette Scharenborg and
               Petr Motl{\'{\i}}cek},
  title     = {GigaSpeech: An Evolving, Multi-Domain {ASR} Corpus with 10, 000 Hours
               of Transcribed Audio},
  booktitle = {Interspeech 2021, 22nd Annual Conference of the International Speech
               Communication Association, Brno, Czechia, 30 August - 3 September
               2021},
}

@inproceedings{DBLP:conf/icassp/ZhangLGSYXXBCZW22,
  author    = {Binbin Zhang and
               Hang Lv and
               Pengcheng Guo and
               Qijie Shao and
               Chao Yang and
               Lei Xie and
               Xin Xu and
               Hui Bu and
               Xiaoyu Chen and
               Chenchen Zeng and
               Di Wu and
               Zhendong Peng},
  title     = {{WENETSPEECH:} {A} 10000+ Hours Multi-Domain Mandarin Corpus for Speech
               Recognition},
  booktitle = {{IEEE} International Conference on Acoustics, Speech and Signal Processing,
               {ICASSP} 2022, Virtual and Singapore, 23-27 May 2022},
  pages     = {6182--6186},
  publisher = {{IEEE}},
  year      = {2022},
}

@inproceedings{Sjlander2003AnHS,
  title={An HMM-based system for automatic segmentation and alignment of speech},
  author={K{\aa}re Sj{\"o}lander},
  year={2003}
}

@book{Aho:72,
    author  = {Alfred V. Aho and Jeffrey D. Ullman},
    title   = {The Theory of Parsing, Translation and Compiling},
    year    = "1972",
    volume  = "1",
    publisher = {Prentice-Hall},
    address = {Englewood Cliffs, NJ}
}

@book{APA:83,
    author  = {{American Psychological Association}},
    title   = {Publications Manual},
    year    = "1983",
    publisher = {American Psychological Association},
    address = {Washington, DC}
}

@article{Chandra:81,
	author = {Ashok K. Chandra and Dexter C. Kozen and Larry J. Stockmeyer},
	year = "1981",
	title = {Alternation},
	journal = {Journal of the Association for Computing Machinery},
	volume = "28",
	number = "1",
	pages = "114--133",
	doi = "10.1145/322234.322243",
}

@inproceedings{andrew2007scalable,
  title={Scalable training of {$L_1$}-regularized log-linear models},
  author={Andrew, Galen and Gao, Jianfeng},
  booktitle={Proceedings of the 24th International Conference on Machine Learning},
  pages={33--40},
  year={2007},
  url={https://dl.acm.org/doi/abs/10.1145/1273496.1273501}
}

@book{Gusfield:97,
    author  = {Dan Gusfield},
    title   = {Algorithms on Strings, Trees and Sequences},
    year    = "1997",
    publisher = {Cambridge University Press},
    address = {Cambridge, UK},
    url={https://www.cambridge.org/core/books/algorithms-on-strings-trees-and-sequences/F0B095049C7E6EF5356F0A26686C20D3}
}

@article{rasooli-tetrault-2015,
    author    = {Mohammad Sadegh Rasooli and Joel R. Tetreault},
    title     = {Yara Parser: {A} Fast and Accurate Dependency Parser},
    journal   = {Computing Research Repository},
    volume    = {arXiv:1503.06733},
    year      = {2015},
    url       = {http://arxiv.org/abs/1503.06733},
    note    = {version 2}
}

@article{Ando2005,
	Acmid = {1194905},
	Author = {Ando, Rie Kubota and Zhang, Tong},
	Issn = {1532-4435},
	Issue_Date = {12/1/2005},
	Journal = {Journal of Machine Learning Research},
	Month = dec,
	Numpages = {37},
	Pages = {1817--1853},
	Publisher = {JMLR.org},
	Title = {A Framework for Learning Predictive Structures from Multiple Tasks and Unlabeled Data},
	Volume = {6},
	Year = {2005},
	url={https://www.jmlr.org/papers/volume6/ando05a/ando05a.pdf}
}

@article{ct1965,
  title={An algorithm for the machine calculation of complex {F}ourier series},
  author={Cooley, James W. and Tukey, John W.},
  journal={Mathematics of Computation},
  volume={19},
  number={90},
  pages={297--301},
  year={1965},
  url={https://www.ams.org/journals/mcom/1965-19-090/S0025-5718-1965-0178586-1/S0025-5718-1965-0178586-1.pdf}
}

@inproceedings{DBLP:conf/iscslp/LiYXX21,
  author    = {Tao Li and
               Shan Yang and
               Liumeng Xue and
               Lei Xie},
  title     = {Controllable Emotion Transfer For End-to-End Speech Synthesis},
  booktitle = {12th International Symposium on Chinese Spoken Language Processing,
               {ISCSLP} 2021, Hong Kong, January 24-27, 2021},
  pages     = {1--5},
  publisher = {{IEEE}},
  year      = {2021},
}

@inproceedings{Maaten2008VisualizingDU,
  title={Visualizing Data using t-SNE},
  author={Laurens van der Maaten and Geoffrey E. Hinton},
  journal={Journal of Machine Learning Research},
  volume={9},
  pages={2579-2605},
  year={2008},
}

@inproceedings{DBLP:conf/chi/DaiFM09,
  author       = {Keshi Dai and
                  Harriet J. Fell and
                  Joel MacAuslan},
  editor       = {Dan R. Olsen Jr. and
                  Richard B. Arthur and
                  Ken Hinckley and
                  Meredith Ringel Morris and
                  Scott E. Hudson and
                  Saul Greenberg},
  title        = {Comparing emotions using acoustics and human perceptual dimensions},
  booktitle    = {Proceedings of the 27th International Conference on Human Factors
                  in Computing Systems, {CHI} 2009, Extended Abstracts Volume, Boston,
                  MA, USA, April 4-9, 2009},
  pages        = {3341--3346},
  publisher    = {{ACM}},
  year         = {2009},
}

@inproceedings{DBLP:conf/interspeech/SchullerMLR05,
  author       = {Bj{\"{o}}rn W. Schuller and
                  Ronald M{\"{u}}ller and
                  Manfred K. Lang and
                  Gerhard Rigoll},
  title        = {Speaker independent emotion recognition by early fusion of acoustic
                  and linguistic features within ensembles},
  booktitle    = {{INTERSPEECH} 2005 - Eurospeech, 9th European Conference on Speech
                  Communication and Technology, Lisbon, Portugal, September 4-8, 2005},
  pages        = {805--808},
  publisher    = {{ISCA}},
  year         = {2005},
}

@article{DBLP:journals/ijst/KottiP12,
  author       = {Margarita Kotti and
                  Fabio Patern{\`{o}}},
  title        = {Speaker-independent emotion recognition exploiting a psychologically-inspired
                  binary cascade classification schema},
  journal      = {Int. J. Speech Technol.},
  volume       = {15},
  number       = {2},
  pages        = {131--150},
  year         = {2012},
}

@inproceedings{DBLP:conf/mldm/FersiniMAA09,
  author       = {Elisabetta Fersini and
                  Enza Messina and
                  Gaia Arosio and
                  Francesco Archetti},
  editor       = {Petra Perner},
  title        = {Audio-Based Emotion Recognition in Judicial Domain: {A} Multilayer
                  Support Vector Machines Approach},
  booktitle    = {Machine Learning and Data Mining in Pattern Recognition, 6th International
                  Conference, {MLDM} 2009, Leipzig, Germany, July 23-25, 2009. Proceedings},
  series       = {Lecture Notes in Computer Science},
  volume       = {5632},
  pages        = {594--602},
  publisher    = {Springer},
  year         = {2009},
}


@article{DBLP:journals/corr/abs-2303-04289,
  author       = {Atli Thor Sigurgeirsson and
                  Simon King},
  title        = {Do Prosody Transfer Models Transfer Prosody?},
  journal      = {CoRR},
  volume       = {abs/2303.04289},
  year         = {2023},
}

@inproceedings{DBLP:conf/icml/RadfordKHRGASAM21,
  author       = {Alec Radford and
                  Jong Wook Kim and
                  Chris Hallacy and
                  Aditya Ramesh and
                  Gabriel Goh and
                  Sandhini Agarwal and
                  Girish Sastry and
                  Amanda Askell and
                  Pamela Mishkin and
                  Jack Clark and
                  Gretchen Krueger and
                  Ilya Sutskever},
  editor       = {Marina Meila and
                  Tong Zhang},
  title        = {Learning Transferable Visual Models From Natural Language Supervision},
  booktitle    = {Proceedings of the 38th International Conference on Machine Learning,
                  {ICML} 2021, 18-24 July 2021, Virtual Event},
  series       = {Proceedings of Machine Learning Research},
  volume       = {139},
  pages        = {8748--8763},
  publisher    = {{PMLR}},
  year         = {2021},
}

@article{han2013pronunciation,
  title={Pronunciation problems of Chinese learners of English.},
  author={Han, Feifei},
  journal={ORTESOL Journal},
  volume={30},
  pages={26--30},
  year={2013},
  publisher={ERIC}
}

@article{li2016contrastive,
  title={Contrastive Study between Pronunciation Chinese L1 and English L2 from the Perspective of Interference Based on Observations in Genuine Teaching Contexts.},
  author={Li, Feng},
  journal={English Language Teaching},
  volume={9},
  number={10},
  pages={90--100},
  year={2016},
  publisher={ERIC}
}

@inproceedings{DBLP:conf/iclr/AcunaLZF22,
  author       = {David Acuna and
                  Marc T. Law and
                  Guojun Zhang and
                  Sanja Fidler},
  title        = {Domain Adversarial Training: {A} Game Perspective},
  booktitle    = {The Tenth International Conference on Learning Representations, {ICLR}
                  2022, Virtual Event, April 25-29, 2022},
  publisher    = {OpenReview.net},
  year         = {2022},
}

@inproceedings{DBLP:conf/interspeech/XinSTKS20,
  author       = {Detai Xin and
                  Yuki Saito and
                  Shinnosuke Takamichi and
                  Tomoki Koriyama and
                  Hiroshi Saruwatari},
  editor       = {Helen Meng and
                  Bo Xu and
                  Thomas Fang Zheng},
  title        = {Cross-Lingual Text-To-Speech Synthesis via Domain Adaptation and Perceptual
                  Similarity Regression in Speaker Space},
  booktitle    = {Interspeech 2020, 21st Annual Conference of the International Speech
                  Communication Association, Virtual Event, Shanghai, China, 25-29 October
                  2020},
  pages        = {2947--2951},
  publisher    = {{ISCA}},
  year         = {2020}
}


@inproceedings{DBLP:conf/icassp/YeZSHRLL22,
  author       = {Jianhao Ye and
                  Hongbin Zhou and
                  Zhiba Su and
                  Wendi He and
                  Kaimeng Ren and
                  Lin Li and
                  Heng Lu},
  title        = {Improving Cross-Lingual Speech Synthesis with Triplet Training Scheme},
  booktitle    = {{IEEE} International Conference on Acoustics, Speech and Signal Processing,
                  {ICASSP} 2022, Virtual and Singapore, 23-27 May 2022},
  pages        = {6072--6076},
  publisher    = {{IEEE}},
  year         = {2022},
}

@inproceedings{DBLP:conf/interspeech/WhitehillMMS20,
  author       = {Matt Whitehill and
                  Shuang Ma and
                  Daniel McDuff and
                  Yale Song},
  editor       = {Helen Meng and
                  Bo Xu and
                  Thomas Fang Zheng},
  title        = {Multi-Reference Neural {TTS} Stylization with Adversarial Cycle Consistency},
  booktitle    = {Interspeech 2020, 21st Annual Conference of the International Speech
                  Communication Association, Virtual Event, Shanghai, China, 25-29 October
                  2020},
  pages        = {4442--4446},
  publisher    = {{ISCA}},
  year         = {2020},
}

@article{DBLP:journals/corr/abs-2302-14370,
  author       = {Ji{-}Hoon Kim and
                  Hongsun Yang and
                  Yooncheol Ju and
                  Ilhwan Kim and
                  Byeongyeol Kim},
  title        = {CrossSpeech: Speaker-independent Acoustic Representation for Cross-lingual
                  Speech Synthesis},
  journal      = {CoRR},
  volume       = {abs/2302.14370},
  year         = {2023},
}