@IEEEtranBSTCTL{IEEEexample:BSTcontrol,
    CTLuse_article_number = "yes",
    CTLuse_paper = "yes",
    CTLuse_forced_etal = "no",
    CTLmax_names_forced_etal = "50",
    CTLnames_show_etal = "50",
    CTLuse_alt_spacing = "yes",
    CTLalt_stretch_factor = "4",
    CTLdash_repeated_names = "yes",
    CTLname_format_string = "{f.~}{vv~}{ll}{, jj}",
    CTLname_latex_cmd = "",
    CTLname_url_prefix = "[Online]. Available:"
 }

# Last Ad-lib 



# -----------------


#------------------------------------------------------------------------------
# Books
#------------------------------------------------------------------------------


#------------------------------------------------------------------------------
# Articles
#------------------------------------------------------------------------------
@article{xu2021rethinking,
  title={Rethinking the Fourier-Mellin Transform: Multiple Depths in the Camera’s View},
  author={Xu, Qingwen and Kuang, Haofei and Kneip, Laurent and Schwertfeger, S{\"o}ren},
  journal={Remote Sensing},
  volume={13},
  number={5},
  pages={1000},
  year={2021},
  publisher={Multidisciplinary Digital Publishing Institute}
}

#------------------------------------------------------------------------------
# Reports
#------------------------------------------------------------------------------



#------------------------------------------------------------------------------
# Products/Manuals
#------------------------------------------------------------------------------



#------------------------------------------------------------------------------
# Presentations
#------------------------------------------------------------------------------


#------------------------------------------------------------------------------
# PhD Thesis'
#------------------------------------------------------------------------------



@article{DERRODE200157,
title = {Robust and Efficient Fourier–Mellin Transform Approximations for Gray-Level Image Reconstruction and Complete Invariant Description},
journal = {Computer Vision and Image Understanding},
volume = {83},
number = {1},
pages = {57-78},
year = {2001},
issn = {1077-3142},
doi = {https://doi.org/10.1006/cviu.2001.0922},
author = {Stéphane Derrode and Faouzi Ghorbel},
abstract = {This paper addresses the gray-level image representation ability of the Fourier–Mellin transform (FMT) for pattern recognition, reconstruction, and image database retrieval. The main practical difficulty of the FMT lies in the accuracy and efficiency of its numerical approximation and we propose three estimations of its analytical extension. A comparison of these approximations is performed from discrete and finite-extent sets of Fourier–Mellin harmonics by means of experiments in: (i) image reconstruction via both visual inspection and the computation of a reconstruction error; and (ii) pattern recognition and discrimination by using a complete and convergent set of features invariant under planar similarities. Experimental results on real gray-level images show that it is possible to recover an image to within a specified degree of accuracy and to classify objects reliably even when a large set of descriptors is used. Finally, an example will be given, which illustrates both theoretical and numerical results in the context of content-based image retrieval.}
}

@INPROCEEDINGS{1562722,
  author={Xiaoxin Guo and Zhiwen Xu and Yinan Lu and Yunjie Pang},
  booktitle={The Fifth International Conference on Computer and Information Technology (CIT'05)}, 
  title={An Application of Fourier-Mellin Transform in Image Registration}, 
  year={2005},
  volume={},
  number={},
  pages={619-623},
  doi={10.1109/CIT.2005.62}}


@ARTICLE{387491,
  author={Qin-Sheng Chen and Defrise, M. and Deconinck, F.},
  journal={IEEE Transactions on Pattern Analysis and Machine Intelligence}, 
  title={Symmetric phase-only matched filtering of Fourier-Mellin transforms for image registration and recognition}, 
  year={1994},
  volume={16},
  number={12},
  pages={1156-1168},
  doi={10.1109/34.387491}}

@INPROCEEDINGS{4290156,
  author={Goecke, Roland and Asthana, Akshay and Pettersson, Niklas and Petersson, Lars},
  booktitle={2007 IEEE Intelligent Vehicles Symposium}, 
  title={Visual Vehicle Egomotion Estimation using the Fourier-Mellin Transform}, 
  year={2007},
  volume={},
  number={},
  pages={450-455},
  doi={10.1109/IVS.2007.4290156}}

@INPROCEEDINGS{4584311,
  author={Gueham, Mourad and Bouridane, Ahmed and Crookes, Danny and Nibouche, Omar},
  booktitle={2008 NASA/ESA Conference on Adaptive Hardware and Systems}, 
  title={Automatic Recognition of Shoeprints using Fourier-Mellin Transform}, 
  year={2008},
  volume={},
  number={},
  pages={487-491},
  doi={10.1109/AHS.2008.48}}

@InProceedings{10.1007/978-3-642-13408-1_14,
author="Checchin, Paul
and G{\'e}rossier, Franck
and Blanc, Christophe
and Chapuis, Roland
and Trassoudaine, Laurent",
editor="Howard, Andrew
and Iagnemma, Karl
and Kelly, Alonzo",
title="Radar Scan Matching SLAM Using the Fourier-Mellin Transform",
booktitle="Field and Service Robotics",
year="2010",
publisher="Springer Berlin Heidelberg",
address="Berlin, Heidelberg",
pages="151--161",
abstract="This paper is concerned with the Simultaneous Localization And Mapping (SLAM) problem using data obtained from a microwave radar sensor. The radar scanner is based on Frequency Modulated Continuous Wave (FMCW) technology. In order to meet the needs of radar image analysis complexity, a trajectoryoriented EKF-SLAM technique using data from a 360. field of view radar sensor has been developed. This process makes no landmark assumptions and avoids the data association problem. The method of egomotion estimation makes use of the Fourier-Mellin Transform for registering radar images in a sequence, from which the rotation and translation of the sensor motion can be estimated. In the context of the scan-matching SLAM, the use of the Fourier-Mellin Transform is original and provides an accurate and efficient way of computing the rigid transformation between consecutive scans. Experimental results on real-world data are presented.",
isbn="978-3-642-13408-1"
}

@INPROCEEDINGS{4587553,
  author={Huy Tho Ho and Goecke, Roland},
  booktitle={2008 IEEE Conference on Computer Vision and Pattern Recognition}, 
  title={Optical flow estimation using Fourier Mellin Transform}, 
  year={2008},
  volume={},
  number={},
  pages={1-8},
  doi={10.1109/CVPR.2008.4587553}}


@inproceedings{kuang2019pose,
  title={Pose estimation for omni-directional cameras using sinusoid fitting},
  author={Kuang, Haofei and Xu, Qingwen and Long, Xiaoling and Schwertfeger, S{\"o}ren},
  booktitle={2019 IEEE/RSJ International Conference on Intelligent Robots and Systems (IROS)},
  pages={900--906},
  year={2019},
  organization={IEEE}
}

@inproceedings{xu2019improved,
  title={Improved fourier mellin invariant for robust rotation estimation with omni-cameras},
  author={Xu, Qingwen and Chavez, Arturo Gomez and B{\"u}low, Heiko and Birk, Andreas and Schwertfeger, S{\"o}ren},
  booktitle={2019 IEEE International Conference on Image Processing (ICIP)},
  pages={320--324},
  year={2019},
  organization={IEEE}
}


@conference {yang2023slamhive,
	title = {The SLAM Hive Benchmarking Suite},
	booktitle = {Robotics and Automation (ICRA), 2023 IEEE International Conference on},
	year = {2023},
	author = {Yang, Yuanyuan and Xu, Bowen and Li, Yinjie and Schwertfeger, S{\"o}ren}
}



@ARTICLE{8844710,
  author={Tong, Xiaohua and Ye, Zhen and Xu, Yusheng and Gao, Sa and Xie, Huan and Du, Qian and Liu, Shijie and Xu, Xiong and Liu, Sicong and Luan, Kuifeng and Stilla, Uwe},
  journal={IEEE Journal of Selected Topics in Applied Earth Observations and Remote Sensing}, 
  title={Image Registration With Fourier-Based Image Correlation: A Comprehensive Review of Developments and Applications}, 
  year={2019},
  volume={12},
  number={10},
  pages={4062-4081},
  doi={10.1109/JSTARS.2019.2937690}
}


@article{yuan2021self,
  title={Self-supervised point set local descriptors for point cloud registration},
  author={Yuan, Yijun and Borrmann, Dorit and Hou, Jiawei and Ma, Yuexin and N{\"u}chter, Andreas and Schwertfeger, S{\"o}ren},
  journal={Sensors},
  volume={21},
  number={2},
  pages={486},
  year={2021},
  publisher={Multidisciplinary Digital Publishing Institute}
}

@article{stoyanov2016no,
  title={No more heavy lifting: Robotic solutions to the container unloading problem},
  author={Stoyanov, Todor and Vaskevicius, Narunas and Mueller, Christian A and Fromm, Tobias and Krug, Robert and Tincani, Vinicio and Mojtahedzadeh, Rasoul and Kunaschk, Stefan and Ernits, R Mortensen and Canelhas, D Ricao and Bonilla, Manuel and Schwertfeger, S{\"o}ren and Bonini, Marco and Halfar, Harry and Pathak, Kaustubh and Rohde, Moritz and Fantoni, Gualtiero and Bicchi, Antonio and Birk, Andreas and Lilienthal, Achim and Echelmeyer, Wolfgang},
  journal={IEEE Robotics \& Automation Magazine},
  volume={23},
  number={4},
  pages={94--106},
  year={2016},
  publisher={IEEE}
}

@article{schwertfeger2016map,
  title={Map evaluation using matched topology graphs},
  author={Schwertfeger, S{\"o}ren and Birk, Andreas},
  journal={Autonomous Robots},
  volume={40},
  number={5},
  pages={761--787},
  year={2016},
  publisher={Springer}
}

@inproceedings{zhi2017simultaneous,
  title={Simultaneous hand-eye calibration and reconstruction},
  author={Zhi, Xiangyang and Schwertfeger, S{\"o}ren},
  booktitle={2017 IEEE/RSJ International Conference on Intelligent Robots and Systems (IROS)},
  pages={1470--1477},
  year={2017},
  organization={IEEE}
}

@article{shan2019rgbd,
  title={RGBD-inertial trajectory estimation and mapping for ground robots},
  author={Shan, Zeyong and Li, Ruijian and Schwertfeger, S{\"o}ren},
  journal={Sensors},
  volume={19},
  number={10},
  pages={2251},
  year={2019},
  publisher={Multidisciplinary Digital Publishing Institute}
}

@article {cui2021depth,
	title = {Underwater Depth Estimation for Spherical Images},
	journal = {Journal of Robotics},
	year = {2021},
	author = {Cui, Jiadi and Kuang, Haofei and Xu, Qingwen and Schwertfeger, S{\"o}ren}
}

@article {chen2020advanced,
	title = {Advanced Mapping Robot and High-Resolution Dataset},
	journal = {Robotics and Autonomous Systems},
	year = {2020},
	issn = {0921-8890},
	author = {Hongyu Chen and Zhijie Yang and Xiting Zhao and Guangyuan Weng and Haochuan Wan and Jianwen Luo and Xiaoya Ye and Zehao Zhao and Zhenpeng He and Yongxia Shen and S{\"o}ren Schwertfeger}
}


@conference {long2020improved,
	title = {Improved Visual-Inertial Localization for Low-cost Rescue Robots},
	booktitle = {21st World Congress of the International Federation of Automatic Control (IFAC)},
	year = {2020},
	publisher = {International Federation of Automatic Control},
	organization = {International Federation of Automatic Control},
	author = {Long, Xiaoling and Xu, Qingwen and Yijun Yuan and Zhenpeng He and Schwertfeger, S{\"o}ren}
}

@article{xu2021sinusoid,
  title={Rotation Estimation for Omni-directional Cameras
using Sinusoid Fitting},
  author={Xu, Qingwen and Long, Xiaoling and Kuang, Haofei and Schwertfeger, S{\"o}ren},
  journal={Journal of Intelligent \& Robotic Systems},
  year={under review - minor revision},
  publisher={Springer},  
  note = {\url{https://robotics.shanghaitech.edu.cn/static/preprints/JIRS_Xu_Sinusoid.pdf}}
}


@article{pathak2010online,
  title={Online three-dimensional SLAM by registration of large planar surface segments and closed-form pose-graph relaxation},
  author={Pathak, Kaustubh and Birk, Andreas and Vaskevicius, Narunas and Pfingsthorn, Max and Schwertfeger, S{\"o}ren and Poppinga, Jann},
  journal={Journal of Field Robotics},
  volume={27},
  number={1},
  pages={52--84},
  year={2010},
  publisher={Wiley Online Library}
}

@inproceedings{chen2019heterogeneous,
  title={Heterogeneous multi-sensor calibration based on graph optimization},
  author={Chen, Hongyu and Schwertfeger, S{\"o}ren},
  booktitle={2019 IEEE International Conference on Real-time Computing and Robotics (RCAR)},
  pages={158--163},
  year={2019},
  organization={IEEE}
}

@inproceedings{pfingsthorn2010maximum,
  title={Maximum likelihood mapping with spectral image registration},
  author={Pfingsthorn, Max and Birk, Andreas and Schwertfeger, S{\"o}ren and B{\"u}low, Heiko and Pathak, Kaustubh},
  booktitle={2010 IEEE International Conference on Robotics and Automation},
  pages={4282--4287},
  year={2010},
  organization={IEEE}
}


@article{he2021hierarchical,
  title={Hierarchical topometric representation of 3D robotic maps},
  author={He, Zhenpeng and Sun, Hao and Hou, Jiawei and Ha, Yajun and Schwertfeger, S{\"o}ren},
  journal={Autonomous Robots},
  pages={1--17},
  year={2021},
  publisher={Springer}
}

@article{grisetti2010tutorial,
  title={A tutorial on graph-based SLAM},
  author={Grisetti, Giorgio and K{\"u}mmerle, Rainer and Stachniss, Cyrill and Burgard, Wolfram},
  journal={IEEE Intelligent Transportation Systems Magazine},
  volume={2},
  number={4},
  pages={31--43},
  year={2010},
  publisher={IEEE}
}

@article{tong2019image,
	title={Image registration with Fourier-based image correlation: A comprehensive review of developments and applications},
	author={Tong, Xiaohua and Ye, Zhen and Xu, Yusheng and Gao, Sa and Xie, Huan and Du, Qian and Liu, Shijie and Xu, Xiong and Liu, Sicong and Luan, Kuifeng and others},
	journal={IEEE Journal of Selected Topics in Applied Earth Observations and Remote Sensing},
	volume={12},
	number={10},
	pages={4062--4081},
	year={2019},
	publisher={IEEE}
}

@Article{rs13030506,
	AUTHOR = {Lin, Xiaohu and Wang, Fuhong and Yang, Bisheng and Zhang, Wanwei},
	TITLE = {Autonomous Vehicle Localization with Prior Visual Point Cloud Map Constraints in GNSS-Challenged Environments},
	JOURNAL = {Remote Sensing},
	VOLUME = {13},
	YEAR = {2021},
	NUMBER = {3},
	ARTICLE-NUMBER = {506},
	URL = {https://www.mdpi.com/2072-4292/13/3/506},
	ISSN = {2072-4292},
	ABSTRACT = {Accurate vehicle ego-localization is key for autonomous vehicles to complete high-level navigation tasks. The state-of-the-art localization methods adopt visual and light detection and ranging (LiDAR) simultaneous localization and mapping (SLAM) to estimate the position of the vehicle. However, both of them may suffer from error accumulation due to long-term running without loop optimization or prior constraints. Actually, the vehicle cannot always return to the revisited location, which will cause errors to accumulate in Global Navigation Satellite System (GNSS)-challenged environments. To solve this problem, we proposed a novel localization method with prior dense visual point cloud map constraints generated by a stereo camera. Firstly, the semi-global-block-matching (SGBM) algorithm is adopted to estimate the visual point cloud of each frame and stereo visual odometry is used to provide the initial position for the current visual point cloud. Secondly, multiple filtering and adaptive prior map segmentation are performed on the prior dense visual point cloud map for fast matching and localization. Then, the current visual point cloud is matched with the candidate sub-map by normal distribution transformation (NDT). Finally, the matching result is used to update pose prediction based on the last frame for accurate localization. Comprehensive experiments were undertaken to validate the proposed method, showing that the root mean square errors (RMSEs) of translation and rotation are less than 5.59 m and 0.08°, respectively.},
	DOI = {10.3390/rs13030506}
}

@article{ordonez2017fourier,
	title={Fourier--Mellin registration of two hyperspectral images},
	author={Ordonez, Alvaro and Arg{\"u}ello, Francisco and Heras, Dora B},
	journal={International Journal of Remote Sensing},
	volume={38},
	number={11},
	pages={3253--3273},
	year={2017},
	publisher={Taylor \& Francis}
}

@article{xie2019novel,
	title={A novel extended phase correlation algorithm based on Log-Gabor filtering for multimodal remote sensing image registration},
	author={Xie, Xunwei and Zhang, Yongjun and Ling, Xiao and Wang, Xiang},
	journal={International Journal of Remote Sensing},
	volume={40},
	number={14},
	pages={5429--5453},
	year={2019},
	publisher={Taylor \& Francis}
}

@article{abdelfattah2005insar,
	title={InSAR image co-registration using the Fourier--Mellin transform},
	author={Abdelfattah, R and Nicolas, JM},
	journal={International Journal of Remote Sensing},
	volume={26},
	number={13},
	pages={2865--2876},
	year={2005},
	publisher={Taylor \& Francis}
}

@article{ordonez2018alignment,
	title={Alignment of hyperspectral images using KAZE features},
	author={Ord{\'o}{\~n}ez, {\'A}lvaro and Arg{\"u}ello, Francisco and Heras, Dora B},
	journal={Remote Sensing},
	volume={10},
	number={5},
	pages={756},
	year={2018},
	publisher={Multidisciplinary Digital Publishing Institute}
}

@article{sa2018weedmap,
	title={WeedMap: A large-scale semantic weed mapping framework using aerial multispectral imaging and deep neural network for precision farming},
	author={Sa, Inkyu and Popovi{\'c}, Marija and Khanna, Raghav and Chen, Zetao and Lottes, Philipp and Liebisch, Frank and Nieto, Juan and Stachniss, Cyrill and Walter, Achim and Siegwart, Roland},
	journal={Remote Sensing},
	volume={10},
	number={9},
	pages={1423},
	year={2018},
	publisher={Multidisciplinary Digital Publishing Institute}
}

@inproceedings{guo2005application,
	title={An application of Fourier-Mellin transform in image registration},
	author={Guo, Xiaoxin and Xu, Zhiwen and Lu, Yinan and Pang, Yunjie},
	booktitle={The Fifth International Conference on Computer and Information Technology (CIT'05)},
	pages={619--623},
	year={2005},
	organization={IEEE}
}

@article{ye2019precise,
	title={Precise Disparity Estimation for Narrow Baseline Stereo Based on Multiscale Superpixels and Phase Correlation.},
	author={Ye, Z and Xu, Y and Hoegner, L and Tong, X and Stilla, U},
	journal={International Archives of the Photogrammetry, Remote Sensing \& Spatial Information Sciences},
	year={2019}
}

@inproceedings{bulow2020divide,
	title={A Divide and Conquer Method for 3D Registration of Inhomogeneous, Partially Overlapping Scans with Fourier Mellin SOFT (FMS)},
	author={B{\"u}low, Heiko and Mueller, Christian A and Chavez, Arturo Gomez and Buda, Frederike and Birk, Andreas},
	booktitle={2020 IEEE International Conference on Robotics and Automation (ICRA)},
	pages={8594--8601},
	year={2020},
	organization={IEEE}
}

@article{he2020review,
	title={A review of monocular visual odometry},
	author={He, Ming and Zhu, Chaozheng and Huang, Qian and Ren, Baosen and Liu, Jintao},
	journal={The Visual Computer},
	volume={36},
	number={5},
	pages={1053--1065},
	year={2020},
	publisher={Springer}
}

@article{ORBSLAM3_2020,
  title={{ORB-SLAM3}: An Accurate Open-Source Library for Visual, Visual-Inertial 
           and Multi-Map {SLAM}},
  author={Campos, Carlos AND Elvira, Richard AND G\'omez, Juan J. AND Montiel, 
          Jos\'e M. M. AND Tard\'os, Juan D.},
  journal={arXiv preprint arXiv:2007.11898},
  year={2020}
 }

 @article{forster2016svo,
  title={SVO: Semidirect visual odometry for monocular and multicamera systems},
  author={Forster, Christian and Zhang, Zichao and Gassner, Michael and Werlberger, Manuel and Scaramuzza, Davide},
  journal={IEEE Transactions on Robotics},
  volume={33},
  number={2},
  pages={249--265},
  year={2016},
  publisher={IEEE}
}

@inproceedings{newcombe2011dtam,
	title={DTAM: Dense tracking and mapping in real-time},
	author={Newcombe, Richard A and Lovegrove, Steven J and Davison, Andrew J},
	booktitle={2011 international conference on computer vision},
	pages={2320--2327},
	year={2011},
	organization={IEEE}
}

@inproceedings{engel2014lsd,
  title={LSD-SLAM: Large-scale direct monocular SLAM},
  author={Engel, Jakob and Sch{\"o}ps, Thomas and Cremers, Daniel},
  booktitle={European conference on computer vision},
  pages={834--849},
  year={2014},
  organization={Springer}
}

@article{Engel-et-al-pami2018,
 author = {J. Engel and V. Koltun and D. Cremers},
 title = { Direct Sparse Odometry},
 journal = {IEEE Transactions on Pattern Analysis and Machine Intelligence},
 year = {2018},
 month = {mar},
 keywords = {mono-ds,dso,directsparseodometry, vslam},
}


@article{davison2007monoslam,
	title={MonoSLAM: Real-time single camera SLAM},
	author={Davison, Andrew J and Reid, Ian D and Molton, Nicholas D and Stasse, Olivier},
	journal={IEEE transactions on pattern analysis and machine intelligence},
	volume={29},
	number={6},
	pages={1052--1067},
	year={2007},
	publisher={IEEE}
}

@article{scaramuzza2011visual,
  title={Visual odometry [tutorial]},
  author={Scaramuzza, Davide and Fraundorfer, Friedrich},
  journal={IEEE robotics \& automation magazine},
  volume={18},
  number={4},
  pages={80--92},
  year={2011},
  publisher={IEEE}
}


@article{grabe2015nonlinear,
  title={Nonlinear ego-motion estimation from optical flow for online control of a quadrotor UAV},
  author={Grabe, Volker and B{\"u}lthoff, Heinrich H and Scaramuzza, Davide and Giordano, Paolo Robuffo},
  journal={The International Journal of Robotics Research},
  volume={34},
  number={8},
  pages={1114--1135},
  year={2015},
  publisher={SAGE Publications Sage UK: London, England}
}

@inproceedings{klein2007parallel,
	title={Parallel tracking and mapping for small AR workspaces},
	author={Klein, Georg and Murray, David},
	booktitle={2007 6th IEEE and ACM international symposium on mixed and augmented reality},
	pages={225--234},
	year={2007},
	organization={IEEE}
}

@book{le2011image,
  title={Image registration for remote sensing},
  author={Le Moigne, Jacqueline and Netanyahu, Nathan S and Eastman, Roger D},
  year={2011},
  publisher={Cambridge University Press}
}

@article{reddy1996fft,
  title={An FFT-based technique for translation, rotation, and scale-invariant image registration},
  author={Reddy, B Srinivasa and Chatterji, Biswanath N},
  journal={{IEEE} Trans. Image Process.},
  volume={5},
  number={8},
  pages={1266--1271},
  year={1996},
  publisher={IEEE}
}

@inproceedings{kazik2011visual,
	title={Visual odometry based on the Fourier-Mellin transform for a rover using a monocular ground-facing camera},
	author={Kazik, Tim and G{\"o}kto{\u{g}}an, Ali Haydar},
	booktitle={2011 IEEE International Conference on Mechatronics},
	pages={469--474},
	year={2011},
	organization={IEEE}
}

@inproceedings{ho2008optical,
	title={Optical flow estimation using fourier mellin transform},
	author={Ho, Huy Tho and Goecke, Roland},
	booktitle={2008 IEEE Conference on Computer Vision and Pattern Recognition},
	pages={1--8},
	year={2008},
	organization={IEEE}
}

@inproceedings{zhang2009distance,
	title={A distance measuring method using visual image processing},
	author={Zhang, Hong and Wang, Lei and Jia, Ruiming and Li, Junwei},
	booktitle={2009 2nd International Congress on Image and Signal Processing},
	pages={1--5},
	year={2009},
	organization={IEEE}
}

@article{cassinis2002unsupervised,
	title={Unsupervised matching of visual landmarks for robotic homing using Fourier--Mellin transform},
	author={Cassinis, Riccardo and Duina, Danilo and Inelli, Stefano and Rizzi, Alessandro},
	journal={Robotics and Autonomous Systems},
	volume={40},
	number={2-3},
	pages={131--138},
	year={2002},
	publisher={Elsevier}
}

@inproceedings{abdullahi2018fourier,
	title={Fourier-Mellin Transform and Fractal Coding for Secure and Robust Fingerprint Image Hashing},
	author={Abdullahi, Sani M and Wang, Hongxia},
	booktitle={2018 15th IEEE International Conference on Advanced Video and Signal Based Surveillance (AVSS)},
	pages={1--7},
	year={2018},
	organization={IEEE}
}

@article{maksymenko2017improving,
	title={Improving the reliability of 2D DIC by using Fourier-Mellin transform},
	author={Maksymenko, Oleksandr P and Sakharuk, Oleksandr M},
	journal={Digital Image Correlation Advanced Methods and Applications, New York},
	pages={1--36},
	year={2017}
}

@inproceedings{checchin2010radar,
	title={Radar scan matching SLAM using the Fourier-Mellin transform},
	author={Checchin, Paul and G{\'e}rossier, Franck and Blanc, Christophe and Chapuis, Roland and Trassoudaine, Laurent},
	booktitle={Field and Service Robotics},
	pages={151--161},
	year={2010},
	organization={Springer}
}

@article{derrode2001robust,
	title={Robust and efficient Fourier-Mellin transform approximations for invariant grey-level image description and reconstruction},
	author={Derrode, St{\'e}phane and Ghorbel, F},
	year={2001}
}

@article{turski2000projective,
	title={Projective Fourier analysis for patterns},
	author={Turski, Jacek},
	journal={Pattern Recognition},
	volume={33},
	number={12},
	pages={2033--2043},
	year={2000},
	publisher={Elsevier}
}

@article{gauthier1991motions,
	title={Motions and pattern analysis: harmonic analysis on motion groups and their homogeneous spaces},
	author={Gauthier, J-P and Bornard, Guy and Silbermann, Martine},
	journal={{IEEE} Trans. Syst., Man, Cybern.},
	volume={21},
	number={1},
	pages={159--172},
	year={1991},
	publisher={IEEE}
}

@inproceedings{bulow2009fast,
	title={Fast and robust photomapping with an unmanned aerial vehicle (uav)},
	author={B{\"u}low, Heiko and Birk, Andreas},
	booktitle={2009 IEEE/RSJ International Conference on Intelligent Robots and Systems},
	pages={3368--3373},
	year={2009},
	organization={IEEE}
}

@article{bulow2018scale,
	title={Scale-free registrations in 3D: 7 degrees of freedom with Fourier Mellin SOFT transforms},
	author={B\"ulow, Heiko and Birk, Andreas},
	journal={International Journal of Computer Vision},
	volume={126},
	number={7},
	pages={731--750},
	year={2018},
	publisher={Springer}
}

@inproceedings{bulow2009online,
	title={Online generation of an underwater photo map with improved fourier mellin based registration},
	author={B\"ulow, Heiko and Birk, Andreas and Unnithan, Vikram},
	booktitle={OCEANS 2009-EUROPE},
	pages={1--6},
	year={2009},
	organization={IEEE}
}

@article{schwertfeger2010effects,
  title={On the effects of sampling resolution in improved fourier mellin based registration for underwater mapping},
  author={Schwertfeger, Soeren and B{\"u}low, Heiko and Birk, Andreas},
  journal={IFAC Proceedings Volumes},
  volume={43},
  number={16},
  pages={617--622},
  year={2010},
  publisher={Elsevier}
}

@article{vaskevicius2010efficient,
  title={Efficient representation in three-dimensional environment modeling for planetary robotic exploration},
  author={Vaskevicius, Narunas and Birk, Andreas and Pathak, Kaustubh and Schwertfeger, S{\"o}ren},
  journal={Advanced Robotics},
  volume={24},
  number={8-9},
  pages={1169--1197},
  year={2010},
  publisher={Taylor \& Francis}
}

@inproceedings{schwertfeger2011using,
  title={Using iFMI spectral registration for video stabilization and motion detection by an Unmanned Aerial Vehicle (UAV)},
  author={Schwertfeger, S{\"o}ren and Birk, Andreas and B{\"u}low, Heiko},
  booktitle={2011 IEEE International Symposium on Safety, Security, and Rescue Robotics},
  pages={61--67},
  year={2011},
  organization={IEEE}
}

@article{birk2011safety,
  title={Safety, security, and rescue missions with an unmanned aerial vehicle (UAV)},
  author={Birk, Andreas and Wiggerich, Burkhard and B{\"u}low, Heiko and Pfingsthorn, Max and Schwertfeger, S{\"o}ren},
  journal={Journal of Intelligent \& Robotic Systems},
  volume={64},
  number={1},
  pages={57--76},
  year={2011},
  publisher={Springer}
}

@article{pfingsthorn2016generalized,
  title={Generalized graph SLAM: Solving local and global ambiguities through multimodal and hyperedge constraints},
  author={Pfingsthorn, Max and Birk, Andreas},
  journal={The International Journal of Robotics Research},
  volume={35},
  number={6},
  pages={601--630},
  year={2016},
  publisher={SAGE Publications Sage UK: London, England}
}

@inproceedings{pfingsthorn2013large,
	title={Large-scale mosaicking with spectral registration based simultaneous localization and mapping (iFMI-SLAM) in the Ligurian Sea},
	author={Pfingsthorn, Max and B{\"u}low, Heiko and Birk, Andreas and Ferreira, F and Veruggio, G and Caccia, M and Bruzzone, G},
	booktitle={2013 MTS/IEEE OCEANS-Bergen},
	pages={1--6},
	year={2013},
	organization={IEEE}
}

@inproceedings{pathak2013robust,
	title={Robust estimation of camera-tilt for ifmi based underwater photo-mapping using a calibrated monocular camera},
	author={Pathak, Kaustubh and Pfingsthorn, Max and B{\"u}low, Heiko and Birk, Andreas},
	booktitle={2013 IEEE International Conference on Robotics and Automation},
	pages={5111--5116},
	year={2013},
	organization={IEEE}
}

@article{chen1994symmetric,
	title={Symmetric phase-only matched filtering of Fourier-Mellin transforms for image registration and recognition},
	author={Chen, Qin-sheng and Defrise, Michel and Deconinck, Frank},
	journal={{IEEE} Trans. Pattern Anal. Mach. Intell.},
	volume={16},
	number={12},
	pages={1156--1168},
	year={1994},
	publisher={IEEE}
}

@inproceedings{lucchese2001estimating,
	title={Estimating affine transformations in the frequency domain},
	author={Lucchese, Luca},
	booktitle={Proceedings 2001 International Conference on Image Processing (Cat. No. 01CH37205)},
	volume={2},
	pages={909--912},
	year={2001},
	organization={IEEE}
}


@inproceedings{nister2004visual,
	title={Visual odometry},
	author={Nist{\'e}r, David and Naroditsky, Oleg and Bergen, James},
	booktitle={Proceedings of the 2004 IEEE Computer Society Conference on Computer Vision and Pattern Recognition, 2004. CVPR 2004.},
	volume={1},
	pages={I--I},
	year={2004},
	organization={Ieee}
}

@article{Dirichlet-FMI-UnderReview19,
	author = {B{\"u}low, Heiko and Birk, Andreas},
	title = {Large-scale Fourier-Mellin Invariant Registration Using a Dirichlet Based Phase Filter},
	journal = {under review},
	url = {http://robotics.jacobs-university.de/TMP/Dirichlet-FMI.pdf},
	year = {2019},
	type = {Journal Article}
}

@inproceedings{Zhang18iros,
	author = {Zhang, Zichao and Scaramuzza, Davide},
	title = {A Tutorial on Quantitative Trajectory Evaluation for Visual(-Inertial) Odometry},
	booktitle = {IEEE/RSJ Int. Conf. Intell. Robot. Syst. (IROS)},
	year = {2018}
}

@INPROCEEDINGS{790410,
  author={Lowe, D.G.},
  booktitle={Proceedings of the Seventh IEEE International Conference on Computer Vision}, 
  title={Object recognition from local scale-invariant features}, 
  year={1999},
  volume={2},
  number={},
  pages={1150-1157 vol.2},
  doi={10.1109/ICCV.1999.790410}}

@article{Rosten_2010,
 year = 2010,
 month = {jan},
 publisher = {Institute of Electrical and Electronics Engineers ({IEEE})},
 volume = {32},
 number = {1},
 pages = {105--119},
 author = {E. Rosten and R. Porter and T. Drummond},
 title = {Faster and Better: A Machine Learning Approach to Corner Detection},
 journal = {{IEEE} Transactions on Pattern Analysis and Machine Intelligence}
}

@article{Mur_Artal_2015,
 year = 2015,
 month = {oct},
 publisher = {Institute of Electrical and Electronics Engineers ({IEEE})},
 volume = {31},
 number = {5},
 pages = {1147--1163},
 author = {Raul Mur-Artal and J. M. M. Montiel and Juan D. Tardos}, 
 title = {{ORB}-{SLAM}: A Versatile and Accurate Monocular {SLAM} System},
 journal = {{IEEE} Transactions on Robotics}
}

@inproceedings{chavez2019adaptive,
  title={Adaptive navigation scheme for optimal deep-sea localization using multimodal perception cues},
  author={Chavez, Arturo Gomez and Xu, Qingwen and Mueller, Christian A and Schwertfeger, S{\"o}ren and Birk, Andreas},
  booktitle={2019 IEEE/RSJ International Conference on Intelligent Robots and Systems (IROS)},
  pages={7211--7218},
  year={2019},
  organization={IEEE}
}

@inproceedings{chavez2019towards,
  title={Towards Accurate Deep-Sea Localization in Structured Environments based on Perception Quality Cues},
  author={Chavez, Arturo Gomez and Xu, Qingwen and Mueller, Christian A and Schwertfeger, S{\"o}ren and Birk, Andreas and others},
  year={2019},
  organization={ASSOC COMPUTING MACHINERY}
}