% BibTeX bibliography string definitions of the ABBREVIATED titles of
% IEEE journals and magazines taken from IEEEabrv.bib
@STRING{AES   = "{IEEE} Trans. Aerosp. Electron. Syst."}
@STRING{AS    = "{IEEE} Trans. Aerosp."}
@STRING{TIP    = "{IEEE} Trans. Image Processing"}
@STRING{ITAC  = "{IEEE} Trans. Automat. Contr."}
@STRING{PAMI  = "{IEEE} Trans. Pattern Anal. Machine Intell."}
@string{SMC   = "{IEEE} Trans. Syst., Man, Cybern."}
@string{SP    = "{IEEE} Trans. Signal Processing"}
@string{TRA   = "{IEEE} Trans. Robot. Automat."}
@string{TRO   = "{IEEE} Trans. Robotics"}
@string{RAM   = "{IEEE} Robotics and Automation Magazine"}
@string{ASSP  = "{IEEE} Trans. Acoust., Speech, Signal Processing"}
@string{IT    = "{IEEE} Trans. Inform. Theory"}
@string{ITS   = "{IEEE} Trans. on Intelligent Transportation Systems"}
@string{TCAS  = "{IEEE} Trans. on Circuits and Systems"}
@string{TVCG  = "(IEEE) Trans. on Visualization and Computer Graphics"}
@string{RAL   = "(IEEE) Robotics and Automation Letters"}
@string{IEM   = "{IEEE} Industrial Electronics Magazine"}
@string{IWMA  = "{IEEE} International Workshop on Metrology for AeroSpace"}
@string{TIM   =  "{IEEE} Transactions on Instrumentation and Measurement"}

% Other Journals
@string{AI    = "Artificial Intelligence"}
@string{JAIR  = "Journal of Artificial Intelligence Research"}
@string{CVIU  = "Computer Vision and Image Understanding"}
@string{GMIP  = "CVGIP:Graphical Models and Image Processing"}
@string{IJCV  = "Intl. J. of Computer Vision"}
@string{IJRR  = "Intl. J. of Robotics Research"}
@string{IJHR  = "Intl. J. of Humanoid Robotics"}
@string{IVC   = "Image and Vision Computing"}
@string{JMLR  = "J. of Machine Learning Research"}
@string{JVCIR = "J. of Visual Communication and Image Representation"}
@string{ML    = "Machine learning"}
@string{PR    = "Pattern Recognition"}
@string{PRL   = "Pattern Recognition Letters"}
@string{RAS   = "Journal of Robotics and Autonomous Systems"}
@string{JFR   = "Journal of Field Robotics"}
@string{RoyalP = "Proceedings of Royal Society of London"}
@string{JOSAA = "Journal of the Optical Society of America A"}
@string{tcs   = "Theoretical Computer Science"}
@string{AR    = "Autonomous Robots"}
@string{ADR    = "Advanced Robotics"}
@string{JEPLMC= "Journal of Experimental Psychology: Learning,Memory, \& Cognition"}
@string{MVA = "Machine Vision and Applications"}
@string{TOG = "ACM Trans. Graph."}
@string{LJ    = "Linux Journal"}
@string{MEAS    = "Measurement"}
@string{SEN    = "Sensors"}
@string{BE    = "Biosystems Engineering"}
@string{AGRO = "Agronomy"}

% Mathematics Journals
@string{PJM    = "Pacific Journal of Mathematics (PJM)"}
@string{SINUM = "SIAM Journal on Numerical Analysis (SINUM)"}
@string{SIAP = "SIAM Journal on Applied Mathematics (SIAP)"}
@string{IPI = "Inverse Problems and Imaging (IPI)"}
@string{SIIMS = "SIAM Journal on Imaging Sciences (SIIMS)"}

% Image processing conferences
@string{ICIP = "Intl. Conf. on Image Processing (ICIP)"}
@string{IAPR = "Intl. Conf. on Image Processing A"}
@string{ICASSP = "Intl. Conf. Acoust., Speech, and Signal Proc. (ICASSP)"}

% Vision Conferences
@string{BMVC = "British Machine Vision Conf. (BMVC)"}
@string{CVPR = "IEEE Conf. on Computer Vision and Pattern Recognition (CVPR)"}
@string{ACCV = "Asian Conf. on Computer Vision (ACCV)"}
@string{ECCV = "Eur. Conf. on Computer Vision (ECCV)"}
@string{ICCV = "Intl. Conf. on Computer Vision (ICCV)"}
@string{ICPR = "Intl. Conf. on Pattern Recognition (ICPR)"}
@string{RVS95 = "Representation of Visual Scenes"}
@string{SPIE = "Intl. Soc. Opt. Eng. (SPIE)"}
@string{SIGGRAPH = "SIGGRAPH"}
@string{AICV94 = "Application of Invariance in Computer Vision"}
@string{FG = "Intl. Conf. on Automatic Face and Gesture Recognition"}
@string{PVT = "3D Data Processing Visualization and Transmission (3DPVT)"}
@string{IMPVT = "Intl. Conf. on 3D Imaging, Modeling, Processing, Visualization and Transmission (3DIMPVT)"}
@string{ICMV = "International Conference on Machine Vision (ICMV)"}
@string{ICIAR = "International Conference on Image Analysis and Recognition"}
@string{CRV = "Conference on Computer and Robot Vision (CRV)"}

% Robotics Conferences
@string{ICRA = "IEEE Intl. Conf. on Robotics and Automation (ICRA)"}
@string{IROS = "IEEE/RSJ Intl. Conf. on Intelligent Robots and Systems (IROS)"}
@string{FSR = "Field and Service Robotics (FSR)"}
@string{RSS = "Robotics: Science and Systems (RSS)"}
@string{CIRA = "IEEE Intl. Symp. on Computational Intelligence in Robotics and Automation (CIRA)"}
@string{ISRR = "Intl. Symp. of Robotics Research (ISRR)"}
@string{HUMANOIDS = "IEEE-RAS Intl. Conference on Humanoid Robots"}
@string{SMC = "IEEE Intl. Conference on Systems, Man and Cybernetics"}
@string{ROMAN = "IEEE Intl. Symposium on Robot and Human Interactive Communication (RO-MAN)"}
@string{ICAR = "Intl. Conf. on Advanced Robotics (ICAR)"}
@string{ECMR = "European Conf. on Mobile Robots (ECMR)"}
@string{ROBIO = "Intl. Conf. on Robotics and Biomimetics (ROBIO)"}
@string{ICR = "Intl. Conf. on Interactive Collaborative Robotics (ICR)"}
@string{ACRA = "Australasian Conference on Robotics and Automation (ACRA)"}

% Medical Conferences
@string{MICCAI = "Medical Image Computing and Computer Assisted Intervention (MICCAI)"}
@string{MIUA = "Medical Image Understanding and Analysis"}
@string{EMBS = "International IEEE Engineering in Medicine and Biology Society (EMBS)"}

% Augmented Reality Conferences
@string{ISMAR = "IEEE and ACM Intl. Sym. on Mixed and Augmented Reality (ISMAR)"}
@string{ISAR = "IEEE and ACM Intl. Sym. on Augmented Reality (ISAR)"}
@string{ISMR = "Intl. Sym. on Mixed Reality (ISMR)"}
@string{CVE = "ACM Intl. Conf. on Collaborative Virtual Environments (CVE)"}
@string{ISWC = "IEEE Intl. Sym. on Wearable Computers (ISWC)"}

% AI Conferences
@string{AAAI = "Nat. Conf. on Artificial Intelligence (AAAI)"}
@string{IJCAI = "Intl. Joint Conf. on AI (IJCAI)"}
@string{NIPS = "Advances in Neural Information Processing Systems (NIPS)"}
@string{ICML = "Intl. Conf. on Machine Learning (ICML)"}
@string{ECML = "Eur. Conf. on Machine Learning (ECML)"}
@string{UAI = "Conf. on Uncertainty in Artificial Intelligence (UAI)"}
@string{AISTATS = "Intl. Conf. on Artificial Intelligence and Statistics (AISTATS)"}
@string{ICLR = "Intl. Conf. on Learning Representations (ICLR)"}

%Multimedia Conference
@string{ICME = "IEEE Intl. Conf. on Multimedia and Expo(ICME)"}

%DataMining Conferences
@string{KDD = "Intl. Conf. Knowledge Discovery and Data Mining (KDD)"}

%Graphics Conferences
@string{_3DIM = "Intl. Conf. on 3D Digital Imaging and Modeling"}
@string{IVIS = "IEEE Visualization"}

%Architecture Conferences
@string{EPB = "Environment and Planning B: Planning and Design"}

% Theory Conferences
@string{STOC  ="ACM Symp. on Theory of Computing (STOC)"}
@string{ICFP = "Intl. Conf. on Functional Programming (ICFP)"}

% Control Conferences
@string{CDC = "IEEE Conference on Decision and Control"}
@string{ACC = "American Control Conference"}

% Information Retrieval Conferences
@string{SIGIR = "ACM Special Interest Group on Information Retrieval"}

%ITS Conferences
@string{IV = "IEEE Intelligent Vehicles Symposium (IV)"}
@string{ITSC = "IEEE Intelligent Transportations Systems Conference (ITSC)"}

%Machine Learning Conferences
@string{NIPS = "Advances in Neural Information Processing Systems"}

% Workshops and Symposiums
@string{IUW  = "DARPA Image Understanding Workshop (IUW)"}
@string{WACV = "IEEE Workshop on Applications of Computer Vision (WACV)"}
@string{ISER = "Intl. Sym. on Experimental Robotics (ISER)"}
@string{IPSN = "Intl. Sym. on Information Processing in Sensor Networks (IPSN)"}
@string{WPNC = "Workshop on Positioning, Navigation and Communications (WPNC)"}
@string{RPIC = "Workshop on Information Processing and Control (RPIC)"}
@string{IWOSS = "ICRA Workshop on Open Source Software"}
@string{ISMA = "Intl. Sym. on Mechatronics and its Applications (ISMA)"}

% Arxiv
@string{CORR = "Computing Research Repository (CoRR)"}

% Publishers
@string{kluwer = "Kluwer"}
@string{springer = "Springer Verlag"}
@string{ieeepress = "IEEE Computer Society Press"}
@string{addison = "Addison-Wesley Publishing"}
@string{ap = "Academic Press"}
@string{chap = "Chapman and Hall"}
@string{MIT = "The MIT press, Cambridge, MA"}
@string{Wiley = "John Wiley \& Sons, New York, NY"}

% Institutions
@string{CoC = "College of Computing, Georgia Institute of Technology"}
@string{UAH = "University of Alcal√°"}
@string{IMP = "Imperial College of London"}
@string{AIST = "National Institute of Advanced Science and Technolgy, Japan"}

%********************************************************************************************************

%%%%%%%%%%%%%%%%%%%%%%%%%%%%%%%%%%%%%%%%%%%%%%%%%%%%%%%%%%%%%%%%%%%%%%%%
%% Datasets
%%%%%%%%%%%%%%%%%%%%%%%%%%%%%%%%%%%%%%%%%%%%%%%%%%%%%%%%%%%%%%%%%%%%%%%%

% The Rosario Dataset
@article{pire2019rosario,
author = {Taih{\'u} Pire and Mart{\'i}n Mujica and Javier Civera and Ernesto Kofman},
title = {\href{https://doi.org/10.1177/0278364919841437}{The Rosario Dataset: Multisensor Data for Localization and Mapping in Agricultural Environments}},
journal = IJRR,
volume = {38},
number = {6},
pages = {633--641},
year = {2019},
doi = {10.1177/0278364919841437}
}


%%%%%%%%%%%%%%%%%%%%%%%%%%%%%%%%%%%%%%%%%%%%%%%%%%%%%%%%%%%%%%%%%%%%%%%%
%% Related work
%%%%%%%%%%%%%%%%%%%%%%%%%%%%%%%%%%%%%%%%%%%%%%%%%%%%%%%%%%%%%%%%%%%%%%%%

% Agricultural Robotics
@article{carelli2013agriculturalrobotics,
author = {F. A. {Auat Cheein} and R. {Carelli}},
title = {\href{https://doi.org/10.1109/MIE.2013.2252957}{Agricultural Robotics: Unmanned Robotic Service Units in Agricultural Tasks}},
journal = IEM,
volume = {7},
number = {3},
pages = {48--58},
year = {2013},
doi = {10.1109/MIE.2013.2252957}
}

@article{wouter2014harvesting,
author = {Bac, C. Wouter and van Henten, Eldert J. and Hemming, Jochen and Edan, Yael},
title = {\href{https://doi.org/10.1002/rob.21525}{Harvesting Robots for High-value Crops: State-of-the-art Review and Challenges Ahead}},
journal = JFR,
volume = {31},
number = {6},
pages = {888--911},
doi = {10.1002/rob.21525},
year = {2014}
}

% evaluaci√≥n
@article{cremona2022evaluation,
 author = {Cremona, Javier and Comelli, Rom√°n and Pire, Taih√∫},
 title = {\href{{https://doi.org/10.1002/rob.22099}}{Experimental evaluation of Visual-Inertial Odometry systems for arable farming}},
 journal = JFR,
 volume = {39},
 number = {7},
 pages = {1123--1137},
 keywords = {agricultural robotics, precision agriculture, SLAM, Visual-Inertial Odometry},
 year = {2022},
 doi = {10.1002/rob.22099},
 url = {https://onlinelibrary.wiley.com/doi/abs/10.1002/rob.22099}
}

%%%%%%%%%%%%%%%%%%%%%%%%%%%%%%%%%%%%%%%%%%%%%%%%%%%%%%%%%%%%%%%%%%%%%%%%
%% Related Work
%%%%%%%%%%%%%%%%%%%%%%%%%%%%%%%%%%%%%%%%%%%%%%%%%%%%%%%%%%%%%%%%%%%%%%%%

@inproceedings{agrawal2006real,
title={\href{https://doi.org/10.1109/ICPR.2006.962}{Real-time localization in outdoor environments using stereo vision and inexpensive gps}},
author={Agrawal, Motilal and Konolige, Kurt},
booktitle=ICPR,
volume={3},
pages={1063--1068},
year={2006},
doi={10.1109/ICPR.2006.962},
organization={IEEE}
}

@inproceedings{limsoonthrakul2009intelligent,
title={\href{https://doi.org/10.1109/IROS.2009.5354042}{Intelligent vehicle localization using GPS, compass, and machine vision}},
author={Limsoonthrakul, Somphop and Dailey, Matthew N and Parnichkun, Manukid},
booktitle=IROS,
pages={3981--3986},
year={2009},
doi={10.1109/IROS.2009.5354042},
organization={IEEE}
}

@article{wei2011intelligent,
title = {\href{https://doi.org/10.3182/20110828-6-IT-1002.01965}{Intelligent Vehicle Localization in Urban Environments Using EKF-based Visual Odometry and GPS Fusion}},
journal = {IFAC Proceedings Volumes},
volume = {44},
number = {1},
pages = {13776--13781},
year = {2011},
note = {18th IFAC World Congress},
issn = {1474-6670},
doi = {10.3182/20110828-6-IT-1002.01965},
author = {Lijun Wei and Cindy Cappelle and Yassine Ruichek and Fr{\'e}d{\'e}rick Zann}
}

@article{strasdat2012why,
title = {\href{https://doi.org/10.1016/j.imavis.2012.02.009}{Visual SLAM: Why filter?}},
journal = IVC,
volume = {30},
number = {2},
pages = {65--77},
year = {2012},
issn = {0262-8856},
doi = {10.1016/j.imavis.2012.02.009},
author = {Hauke Strasdat and J.M.M. Montiel and Andrew J. Davison}
}

@INPROCEEDINGS{weiss2012versatile,
author={Weiss, Stephan and Achtelik, Markus W. and Chli, Margarita and Siegwart, Roland},
booktitle=ICRA, 
title={\href{https://doi.org/10.1109/ICRA.2012.6225002}{Versatile distributed pose estimation and sensor self-calibration for an autonomous MAV}}, 
year={2012},
volume={},
number={},
pages={31--38},
doi={10.1109/ICRA.2012.6225002}
}

% conferencia que parece desconocida, sin DOI
@inproceedings{angelino2012uav,
author={Angelino, Cesario Vincenzo and Baraniello, Vincenzo Rosario and Cicala, Luca},
booktitle={2012 15th International Conference on Information Fusion},
title={\href{https://ieeexplore.ieee.org/document/6289875}{UAV position and attitude estimation using IMU, GNSS and camera}},
year={2012},
volume={},
number={},
pages={735--742}
}

@INPROCEEDINGS{chambers2014robust,
author={Chambers, Andrew and Scherer, Sebastian and Yoder, Luke and Jain, Sezal and Nuske, Stephen and Singh, Sanjiv},
booktitle=ACC, 
title={\href{https://doi.org/10.1109/ACC.2014.6859341}{Robust multi-sensor fusion for micro aerial vehicle navigation in GPS-degraded/denied environments}}, 
year={2014},
volume={},
number={},
pages={1892--1899},
doi={10.1109/ACC.2014.6859341}
}

@inproceedings{al2015multiple,
title={\href{https://doi.org/10.1109/ISMA.2015.7373480}{Multiple sensor fusion for mobile robot localization and navigation using the Extended Kalman Filter}},
author={Al Khatib, Ehab I and Jaradat, Mohammad A and Abdel-Hafez, Mamoun and Roigari, Milad},
booktitle=ISMA,
pages={1--5},
year={2015},
doi={10.1109/ISMA.2015.7373480},
organization={IEEE}
}

@Article{song2016multi,
author={Song, Yu and Nuske, Stephen and Scherer, Sebastian},
title={\href{https://doi.org/10.3390/s17010011}{A Multi-Sensor Fusion MAV State Estimation from Long-Range Stereo, IMU, GPS and Barometric Sensors}},
journal=SEN,
year={2016},
month={December},
day={22},
publisher={MDPI},
volume={17},
number={1},
pages={11},
issn={1424-8220},
doi={10.3390/s17010011}
}

@inproceedings{salehi2017hybrid,
title={\href{https://doi.org/10.1109/IVS.2017.7995957}{A hybrid bundle adjustment/pose-graph approach to VSLAM/GPS fusion for low-capacity platforms}},
author={Salehi, Achkan and Gay-bellile, Vincent and Bourgeois, Steve and Chausse, Fr{\'e}d{\'e}ric},
booktitle=IV,
pages={1728--1735},
year={2017},
doi={10.1109/IVS.2017.7995957},
organization={IEEE}
}

@INPROCEEDINGS{pfeifer2019expectation,
author={Pfeifer, Tim and Protzel, Peter},
booktitle=ICRA, 
title={\href{https://doi.org/10.1109/ICRA.2019.8793601}{Expectation-Maximization for Adaptive Mixture Models in Graph Optimization}}, 
year={2019},
volume={},
number={},
pages={3151--3157},
doi={10.1109/ICRA.2019.8793601}
}

@INPROCEEDINGS{cioffi2020tightly,
author={Cioffi, Giovanni and Scaramuzza, Davide},
booktitle=IROS,
title={\href{https://doi.org/10.1109/IROS45743.2020.9341697}{Tightly-coupled Fusion of Global Positional Measurements in Optimization-based Visual-Inertial Odometry}},
year={2020},
volume={},
number={},
pages={5089--5095},
doi={10.1109/IROS45743.2020.9341697}}

@Article{liao2021enhancing,
author={Liao, Jianchi and Li, Xingxing and Wang, Xuanbin and Li, Shengyu and Wang, Huidan},
title={\href{https://doi.org/10.1007/s10291-020-01056-0}{Enhancing navigation performance through visual-inertial odometry in GNSS-degraded environment}},
journal={GPS Solutions},
year={2021},
month={February},
day={08},
volume={25},
number={2},
pages={50},
issn={1521-1886},
doi={10.1007/s10291-020-01056-0},
url={https://doi.org/10.1007/s10291-020-01056-0}
}

% VINS-Mono
@ARTICLE{qin2018vins,  
author={T. {Qin} and P. {Li} and S. {Shen}}, 
journal=TRO,  
title={\href{https://doi.org/10.1109/TRO.2018.2853729}{VINS-Mono: A Robust and Versatile Monocular Visual-Inertial State Estimator}},
year={2018},
volume={34},
number={4},
pages={1004--1020},  
doi={10.1109/TRO.2018.2853729}
}

% VINS-MONO omnidireccional con GPS integrado de manera Loosely-Coupled
% es del grupo de Shaojie Shen (VINS-Fusion)
@INPROCEEDINGS{yu2019gpsaided,
author={Yu, Yang and Gao, Wenliang and Liu, Chengju and Shen, Shaojie and Liu, Ming},
booktitle=IROS, 
title={\href{https://doi.org/10.1109/IROS40897.2019.8968519}{A GPS-aided Omnidirectional Visual-Inertial State Estimator in Ubiquitous Environments}},
year={2019},
volume={},
number={},
pages={7750--7755},
doi={10.1109/IROS40897.2019.8968519}
}

% GVINS
% es del grupo de Shaojie Shen (VINS-Fusion)
@ARTICLE{cao2021gvins,
  author={Cao, Shaozu and Lu, Xiuyuan and Shen, Shaojie},
  journal={IEEE Transactions on Robotics}, 
  title={\href{https://doi.org/10.1109/TRO.2021.3133730}{GVINS: Tightly Coupled GNSS-Visual-Inertial Fusion for Smooth and Consistent State Estimation}}, 
  year={2022},
  volume={38},
  number={4},
  pages={2004--2021},
  doi={10.1109/TRO.2021.3133730}
}

% es del grupo de Shaojie Shen (VINS-Fusion)
@INPROCEEDINGS{shen2014multi,
author={Shen, Shaojie and Mulgaonkar, Yash and Michael, Nathan and Kumar, Vijay},
booktitle=ICRA,
title={\href{https://doi.org/10.1109/ICRA.2014.6907588}{Multi-sensor fusion for robust autonomous flight in indoor and outdoor environments with a rotorcraft MAV}},
year={2014},
volume={},
number={},
pages={4974--4981},
doi={10.1109/ICRA.2014.6907588}
}

% es del grupo de Shaojie Shen (VINS-Fusion)
@misc{qin2019general,
title={\href{https://arxiv.org/abs/1901.03642}{A General Optimization-based Framework for Global Pose Estimation with Multiple Sensors}}, 
author={Tong Qin and Shaozu Cao and Jie Pan and Shaojie Shen},
year={2019},
eprint={1901.03642},
archivePrefix={arXiv},
primaryClass={cs.CV}
}

% Este paper no parece bueno pero fusiona de todo...
@INPROCEEDINGS{henkel2019precise,
author={Henkel, Patrick and Sperl, Andreas and Mittmann, Ulrich and Bensch, Robert and F{\"a}rber, Paul},
booktitle={IEEE Aerospace Conference}, 
title={\href{https://doi.org/10.1109/AERO.2019.8741724}{Precise Positioning of Robots with Fusion of GNSS, INS, Odometry, LPS and Vision}}, 
year={2019},
volume={},
number={},
pages={1--6},
doi={10.1109/AERO.2019.8741724}
}

@INPROCEEDINGS{liu2019visual,
author={Liu, Jinxu and Gao, Wei and Hu, Zhanyi},
booktitle=IROS,
title={\href{https://doi.org/10.1109/IROS40897.2019.8967607}{Visual-Inertial Odometry Tightly Coupled with Wheel Encoder Adopting Robust Initialization and Online Extrinsic Calibration}},
year={2019},
volume={},
number={},
pages={5391--5397},
doi={10.1109/IROS40897.2019.8967607}
}

@ARTICLE{jung2020viwo,
author={Jung, Jae Hyung and Cha, Jaehyuck and Chung, Jae Young and Kim, Tae Ihn and Seo, Myung Hwan and Park, Sang Yeon and Yeo, Jong Yun and Park, Chan Gook},
journal=ITS, 
title={\href{https://doi.org/10.1109/TITS.2020.3018167}{Monocular Visual-Inertial-Wheel Odometry Using Low-Grade IMU in Urban Areas}}, 
year={2020},
volume={},
number={},
pages={1--14},
doi={10.1109/TITS.2020.3018167}
}

% MSCKF approach to fuse Monocular, inertial and raw GNSS-RTK measurements
@Article{li2019tight,
author = {Li, Tuan and Zhang, Hongping and Gao, Zhouzheng and Niu, Xiaoji and El-sheimy, Naser},
title = {\href{https://doi.org/10.3390/rs11060610}{Tight Fusion of a Monocular Camera, MEMS-IMU, and Single-Frequency Multi-GNSS RTK for Precise Navigation in GNSS-Challenged Environments}},
journal = {Remote Sensing},
volume = {11},
year = {2019},
number = {6},
article-number = {610},
ISSN={2072-4292},
DOI={10.3390/rs11060610}
}

@INPROCEEDINGS{cai2019mobile,
author={Cai, Guo-Sheng and Lin, Huei-Yung and Kao, Shih-Fen},
booktitle={2019 International Automatic Control Conference (CACS)}, 
title={\href{https://doi.org/10.1109/CACS47674.2019.9024731}{Mobile Robot Localization using GPS, IMU and Visual Odometry}}, 
year={2019},
volume={},
number={},
pages={1-6},
doi={10.1109/CACS47674.2019.9024731}
}

@INPROCEEDINGS{lee2020intermittent,
author={Lee, Woosik and Eckenhoff, Kevin and Geneva, Patrick and Huang, Guoquan},
booktitle=ICRA, 
title={\href{https://doi.org/10.1109/ICRA40945.2020.9197029}{Intermittent GPS-aided VIO: Online Initialization and Calibration}},
year={2020},
volume={},
number={},
pages={5724--5731},
doi={10.1109/ICRA40945.2020.9197029}
}

@INPROCEEDINGS{wu2017vins,
author={Wu, Kejian J. and Guo, Chao X. and Georgiou, Georgios and Roumeliotis, Stergios I.},
booktitle=ICRA, 
title={\href{https://doi.org/10.1109/ICRA.2017.7989603}{VINS on wheels}}, 
year={2017},
volume={},
number={},
pages={5155--5162},
doi={10.1109/ICRA.2017.7989603}
}

@Article{szrek2021accuracy,
AUTHOR = {Szrek, Jaros{\l}aw and Tryba{\l}a, Pawe{\l} and G{\'o}ralczyk, Mateusz and Michalak, Anna and Zi\k{e}tek, Bart{\l}omiej and Zimroz, Rados{\l}aw},
TITLE = {\href{https://doi.org/10.3390/s21010141}Accuracy Evaluation of Selected Mobile Inspection Robot Localization Techniques in a GNSS-Denied Environment},
JOURNAL = SEN,
VOLUME = {21},
YEAR = {2021},
NUMBER = {1},
ARTICLE-NUMBER = {141},
URL = {https://www.mdpi.com/1424-8220/21/1/141},
ISSN = {1424-8220},
DOI = {10.3390/s21010141}
}

% GOMSF: MSF+GPS
@INPROCEEDINGS{mascaro2018gomsf,
author={Mascaro, Ruben and Teixeira, Lucas and Hinzmann, Timo and Siegwart, Roland and Chli, Margarita},
booktitle=ICRA, 
title={\href{https://doi.org/10.1109/ICRA.2018.8460193}{GOMSF: Graph-Optimization Based Multi-Sensor Fusion for robust UAV Pose estimation}}, 
year={2018},
volume={},
number={},
pages={1421--1428},
doi={10.1109/ICRA.2018.8460193}
}

% robot_localization
@InProceedings{moore2016robotlocalization,
author={Moore, Thomas and Stouch, Daniel},
editor={Menegatti, Emanuele and Michael, Nathan and Berns, Karsten and Yamaguchi, Hiroaki},
title={\href{https://doi.org/10.1007/978-3-319-08338-4_25}{A Generalized Extended Kalman Filter Implementation for the Robot Operating System}},
booktitle={Intelligent Autonomous Systems},
year={2016},
publisher={Springer International Publishing},
address={Cham},
pages={335--348},
isbn={978-3-319-08338-4}
}

% OpenVINS
@INPROCEEDINGS{geneva2020openvins,
author={Geneva, Patrick and Eckenhoff, Kevin and Lee, Woosik and Yang, Yulin and Huang, Guoquan},
booktitle=ICRA, 
title={\href{https://doi.org/10.1109/ICRA40945.2020.9196524}{OpenVINS: A Research Platform for Visual-Inertial Estimation}},
year={2020},
volume={},
number={},
pages={4666--4672},
doi={10.1109/ICRA40945.2020.9196524}
}

% MSF
@INPROCEEDINGS{lynen2013robust,
author={Lynen, Simon and Achtelik, Markus W. and Weiss, Stephan and Chli, Margarita and Siegwart, Roland},
booktitle=IROS,
title={\href{https://doi.org/10.1109/IROS.2013.6696917}{A robust and modular multi-sensor fusion approach applied to MAV navigation}},
year={2013},
volume={},
number={},
pages={3923--3929}, 
doi={10.1109/IROS.2013.6696917}
}

% ROVIO
@INPROCEEDINGS{bloesch2015robust,
  author={M. {Bloesch} and S. {Omari} and M. {Hutter} and R. {Siegwart}},
  booktitle=IROS, 
  title={\href{https://doi.org/10.1109/IROS.2015.7353389}{Robust visual inertial odometry using a direct EKF-based approach}}, 
  year={2015},
  volume={},
  number={},
  pages={298--304},
  doi={10.1109/IROS.2015.7353389}}

@ARTICLE{campion1996structural,
author={Campion, G. and Bastin, G. and Dandrea-Novel, B.},
journal={IEEE Transactions on Robotics and Automation},
title={\href{https://doi.org/10.1109/70.481750}{Structural properties and classification of kinematic and dynamic models of wheeled mobile robots}},  
year={1996},
volume={12},
number={1},
pages={47--62},
doi={10.1109/70.481750}}

% ORB-SLAM3 - TRO
@ARTICLE{campos2021orbslam3,  
author={Campos, Carlos and Elvira, Richard and Rodr√≠guez, Juan J. G√≥mez and M. Montiel, Jos√© M. and D. Tard√≥s, Juan},  
journal=TRO,   
title={\href{https://doi.org/10.1109/TRO.2021.3075644}{ORB-SLAM3: An Accurate Open-Source Library for Visual, Visual‚ÄìInertial, and Multimap SLAM}},   
year={2021},  
volume={37},  
number={6},  
pages={1874--1890},  
doi={10.1109/TRO.2021.3075644}}

% ORB-SLAM2
@ARTICLE{mur2017orb,  
author={R. {Mur-Artal} and J. D. {Tard√≥s}},
journal=TRO,
title={\href{https://doi.org/10.1109/TRO.2017.2705103}{ORB-SLAM2: An Open-Source SLAM System for Monocular, Stereo, and RGB-D Cameras}},   
year={2017},  
volume={33},  
number={5},  
pages={1255--1262},  
doi={10.1109/TRO.2017.2705103}
}

% ORB-SLAM-VI
@ARTICLE{mur2017visual,
author={R. {Mur-Artal} and J. D. {Tard√≥s}},  
journal=RAL,   
title={\href{https://doi.org/10.1109/LRA.2017.2653359}{Visual-Inertial Monocular SLAM With Map Reuse}},   
year={2017},  
volume={2},  
number={2},  
pages={796--803},  
doi={10.1109/LRA.2017.2653359}
}

% IMU pre-integration
@ARTICLE{forster2017onmanifold,  
author={C. {Forster} and L. {Carlone} and F. {Dellaert} and D. {Scaramuzza}},  
journal=TRO,   
title={\href{https://doi.org/10.1109/TRO.2016.2597321}{On-Manifold Preintegration for Real-Time Visual--Inertial Odometry}},   
year={2017},  
volume={33},  
number={1},  
pages={1--21},  
doi={10.1109/TRO.2016.2597321}
}

@ARTICLE{dong2022tightly,
  author   = {Dong, Bo and Zhang, Kai},
  title    = {\href{https://doi.org/10.3390\%2Fs22093391}{A Tightly Coupled Visual-Inertial GNSS State Estimator Based on Point-Line Feature}},
  journal  =  SEN,
  volume   =  {22},
  number   =  {9},
  month    =  {April},
  year     =  {2022},
  language = {en}
}

% EKF to fuse Visual, Inertial and GNSS
@article{won2014selective,
  author={Won, Dae Hee and Lee, Eunsung and Heo, Moonbeom and Lee, Seung-Woo and Lee, Jiyun and Kim, Jeongrae and Sung, Sangkyung and Lee, Young Jae},
  journal=TIM, 
  title={\href{https://doi.org/10.1109/TIM.2014.2304365}{Selective Integration of GNSS, Vision Sensor, and INS Using Weighted DOP Under GNSS-Challenged Environments}}, 
  year={2014},
  volume={63},
  number={9},
  pages={2288--2298},
  doi={10.1109/TIM.2014.2304365}
  }

% EKF to fuse Visual, Inertial and GNSS
@article{Won2014gnss,
author={Won, Dae Hee and Lee, Eunsung and Heo, Moonbeom and Sung, Sangkyung and Lee, Jiyun and Lee, Young Jae},
title={\href{https://doi.org/10.1007/s10291-013-0318-8}{GNSS integration with vision-based navigation for low GNSS visibility conditions}},
journal={GPS Solutions},
year={2014},
month={April},
day={01},
volume={18},
number={2},
pages={177--187},
issn={1521-1886},
doi={10.1007/s10291-013-0318-8},
url={https://doi.org/10.1007/s10291-013-0318-8}
}

% OKVIS2
@misc{leutenegger2022okvis2,
  doi = {10.48550/ARXIV.2202.09199},
  url = {https://arxiv.org/abs/2202.09199},
  author = {Leutenegger, Stefan},
  title = {\href{https://doi.org/10.48550/arxiv.2202.09199}{OKVIS2: Realtime Scalable Visual-Inertial SLAM with Loop Closure}},
  publisher = {arXiv},
  year = {2022},
  copyright = {arXiv.org perpetual, non-exclusive license}
}


% OKVIS2 + GPS
@misc{boche2022dropout,
  author = {Boche, Simon and Zuo, Xingxing and Schaefer, Simon and Leutenegger, Stefan},
  title = {\href{https://doi.org/10.48550/arxiv.2208.00709}{Visual-Inertial SLAM with Tightly-Coupled Dropout-Tolerant GPS Fusion}},
  publisher = {arXiv},
  year = {2022},
  doi = {10.48550/ARXIV.2208.00709},
  url = {https://arxiv.org/abs/2208.00709},
  copyright = {arXiv.org perpetual, non-exclusive license}
}

% Visual-Inertial tightly coupled with raw GPS measurements
@INPROCEEDINGS{liu2021optimization,
author={Liu, Jinxu and Gao, Wei and Hu, Zhanyi},
booktitle=ICRA,
title={\href{https://doi.org/10.1109/ICRA48506.2021.9562013}{Optimization-Based Visual-Inertial SLAM Tightly Coupled with Raw GNSS Measurements}},
year={2021},
volume={},
number={},
pages={11612--11618}, doi={10.1109/ICRA48506.2021.9562013}
}

% RTKLIB original paper (Japanese)
@inproceedings{takasu2007rtklib,
  author={Takasu, Tomoji and Kubo, Nobuaki and Yasuda, Akio},
  title={\href{http://gpspp.sakura.ne.jp/paper2005/gpssymp_2007_rtklib.pdf}{Development, evaluation and application of RTKLIB: A program library for RTK-GPS}},
  booktitle = {GPS/GNSS symposium},
  pages = {213--218},
  year = {2007}
}
% RTKLIB english paper
@inproceedings{takaju2009rtklib,
author = {Takasu, Tomoji and Yasuda, Akio},
title = {\href{http://gpspp.sakura.ne.jp/paper2005/isgps_2009_rtklib_revA.pdf}{Development of the low-cost RTK-GPS receiver with an open source program package RTKLIB}},
booktitle = {International Symposium on GPS/GNSS},
year = {2009},
month = {11},
pages = {}
}

% Past, Present, and Future of Simultaneous Localization and Mapping
@article{cadena2016past,
  title={\href{https://doi.org/10.1109/TRO.2016.2624754}{Past, Present, and Future of Simultaneous Localization and Mapping: Toward the Robust-Perception Age}},
  author={Cadena, Cesar and Carlone, Luca and Carrillo, Henry and Latif, Yasir and Scaramuzza, Davide and Neira, Jos{\'e} and Reid, Ian and Leonard, John J},
  journal=TRO,
  volume={32},
  number={6},
  pages={1309--1332},
  year={2016},
  publisher={IEEE},
  doi={10.1109/TRO.2016.2624754}
}

@article{li2021semi,
author={Li, Xingxing and Wang, Xuanbin and Liao, Jianchi and Li, Xin and Li, Shengyu and Lyu, Hongbo},
title={\href{https://doi.org/10.1186/s43020-020-00033-9}{Semi-tightly coupled integration of multi-GNSS PPP and S-VINS for precise positioning in GNSS-challenged environments}},
journal={Satellite Navigation},
year={2021},
month={January},
day={04},
volume={2},
number={1},
pages={1},
issn={2662-1363},
doi={10.1186/s43020-020-00033-9},
url={https://doi.org/10.1186/s43020-020-00033-9}
}


@ARTICLE{umeyama1991least,  
author={S. {Umeyama}},  
journal=PAMI,   
title={\href{https://doi.org/10.1109/34.88573}{Least-squares estimation of transformation parameters between two point patterns}},
year={1991},  
volume={13},  
number={4},  
pages={376--380},  
doi={10.1109/34.88573}
}