@inproceedings{Cosgun2017,
  title={Towards full automated drive in urban environments: A demonstration in gomentum station, california},
  author={Cosgun, Akansel and Ma, Lichao and Chiu, Jimmy and Huang, Jiawei and Demir, Mahmut and Anon, Alexandre Miranda and Lian, Thang and Tafish, Hasan and Al-Stouhi, Samir},
  booktitle={2017 IEEE Intelligent Vehicles Symposium (IV)},
  pages={1811--1818},
  year={2017},
  organization={IEEE}
}

@inproceedings{Speidel2020,
  title={Trajectory planning for automated driving in intersection scenarios using driver models},
  author={Speidel, Oliver and Graf, Maximilian and Kaushik, Ankit and Phan-Huu, Thanh and Wedel, Andreas and Dietmayer, Klaus},
  booktitle={2020 5th International Conference on Robotics and Automation Engineering (ICRAE)},
  pages={131--138},
  year={2020},
  organization={IEEE}
}

@article{Xia2022,
  title={Interactive Planning for Autonomous Driving in Intersection Scenarios Without Traffic Signs},
  author={Xia, Canming and Xing, Mali and He, Shenghuang},
  journal={IEEE Transactions on Intelligent Transportation Systems},
  volume={23},
  number={12},
  pages={24818--24828},
  year={2022},
  publisher={IEEE}
}

@inproceedings{Albrecht2021,
  title={Interpretable goal-based prediction and planning for autonomous driving},
  author={Albrecht, Stefano V and Brewitt, Cillian and Wilhelm, John and Gyevnar, Balint and Eiras, Francisco and Dobre, Mihai and Ramamoorthy, Subramanian},
  booktitle={2021 IEEE International Conference on Robotics and Automation (ICRA)},
  pages={1043--1049},
  year={2021},
  organization={IEEE}
}

@inproceedings{Seong2021,
  title={Learning to drive at unsignalized intersections using attention-based deep reinforcement learning},
  author={Seong, Hyunki and Jung, Chanyoung and Lee, Seungwook and Shim, David Hyunchul},
  booktitle={2021 IEEE International Intelligent Transportation Systems Conference (ITSC)},
  pages={559--566},
  year={2021},
  organization={IEEE}
}

@inproceedings{Rashid2018,
  title={Qmix: Monotonic value function factorisation for deep multi-agent reinforcement learning},
  author={Rashid, Tabish and Samvelyan, Mikayel and Schroeder, Christian and Farquhar, Gregory and Foerster, Jakob and Whiteson, Shimon},
  booktitle={International conference on machine learning},
  pages={4295--4304},
  year={2018},
  organization={PMLR}
}

@article{Wang2020,
  title={Qplex: Duplex dueling multi-agent q-learning},
  author={Wang, Jianhao and Ren, Zhizhou and Liu, Terry and Yu, Yang and Zhang, Chongjie},
  journal={arXiv preprint arXiv:2008.01062},
  year={2020}
}

@article{Colom2021,
  title={Empirical analysis of exploration strategies in QMIX},
  author={Colom, Arnau},
  year={2021}
}

@article{Delos2022,
  title={Curiosity-Driven Multi-Agent Exploration with Mixed Objectives},
  author={Delos Reyes, Roben and Son, Kyunghwan and Jung, Jinhwan and Kang, Wan Ju and Yi, Yung},
  journal={arXiv e-prints},
  pages={arXiv--2210},
  year={2022}
}

@inproceedings{Yan2021,
  title={Reinforcement learning for mixed autonomy intersections},
  author={Yan, Zhongxia and Wu, Cathy},
  booktitle={2021 IEEE International Intelligent Transportation Systems Conference (ITSC)},
  pages={2089--2094},
  year={2021},
  organization={IEEE}
}

@article{Wu2020,
  title={Cooperative multiagent deep deterministic policy gradient (comaddpg) for intelligent connected transportation with unsignalized intersection},
  author={Wu, Tianhao and Jiang, Mingzhi and Zhang, Lin},
  journal={Mathematical Problems in Engineering},
  volume={2020},
  year={2020},
  publisher={Hindawi}
}

@article{Guo2022,
  title={Coordination for Connected and Automated Vehicles at Non-signalized Intersections: A Value Decomposition-based Multiagent Deep Reinforcement Learning Approach},
  author={Guo, Zihan and Wu, Yan and Wang, Lifang and Zhang, Junzhi},
  journal={IEEE Transactions on Vehicular Technology},
  year={2022},
  publisher={IEEE}
}

@article{13,
  title={Episodic multi-agent reinforcement learning with curiosity-driven exploration},
  author={Zheng, Lulu and Chen, Jiarui and Wang, Jianhao and He, Jiamin and Hu, Yujing and Chen, Yingfeng and Fan, Changjie and Gao, Yang and Zhang, Chongjie},
  journal={Advances in Neural Information Processing Systems},
  volume={34},
  pages={3757--3769},
  year={2021}
}

@article{14,
  title={Maven: Multi-agent variational exploration},
  author={Mahajan, Anuj and Rashid, Tabish and Samvelyan, Mikayel and Whiteson, Shimon},
  journal={Advances in Neural Information Processing Systems},
  volume={32},
  year={2019}
}

@inproceedings{15,
  title={Deep q-learning from demonstrations},
  author={Hester, Todd and Vecerik, Matej and Pietquin, Olivier and Lanctot, Marc and Schaul, Tom and Piot, Bilal and Horgan, Dan and Quan, John and Sendonaris, Andrew and Osband, Ian and others},
  booktitle={Proceedings of the AAAI Conference on Artificial Intelligence},
  volume={32},
  number={1},
  year={2018}
}

@inproceedings{16,
  title={Sample-efficient multi-agent reinforcement learning with demonstrations for flocking control},
  author={Qiu, Yunbo and Zhan, Yuzhu and Jin, Yue and Wang, Jian and Zhang, Xudong},
  booktitle={2022 IEEE 96th Vehicular Technology Conference (VTC2022-Fall)},
  pages={1--7},
  year={2022},
  organization={IEEE}
}

@book{17,
  title={A concise introduction to decentralized POMDPs},
  author={Oliehoek, Frans A and Amato, Christopher},
  year={2016},
  publisher={Springer}
}

@article{18,
  title={Exploration in deep reinforcement learning: a comprehensive survey},
  author={Yang, Tianpei and Tang, Hongyao and Bai, Chenjia and Liu, Jinyi and Hao, Jianye and Meng, Zhaopeng and Liu, Peng and Wang, Zhen},
  journal={arXiv preprint arXiv:2109.06668},
  year={2021}
}

@book{19,
  title={Reinforcement learning: An introduction},
  author={Sutton, Richard S and Barto, Andrew G},
  year={2018},
  publisher={MIT press}
}

@article{20,
  title={An environment for autonomous driving decision-making},
  author={Leurent, Edouard},
  journal={GitHub},
  year={2018}
}

@article{21,
  title={Emergent complexity via multi-agent competition},
  author={Bansal, Trapit and Pachocki, Jakub and Sidor, Szymon and Sutskever, Ilya and Mordatch, Igor},
  journal={arXiv preprint arXiv:1710.03748},
  year={2017}
}

@article{22,
  title={The surprising effectiveness of ppo in cooperative, multi-agent games},
  author={Yu, Chao and Velu, Akash and Vinitsky, Eugene and Wang, Yu and Bayen, Alexandre and Wu, Yi},
  journal={arXiv preprint arXiv:2103.01955},
  year={2021}
}

@article{23,
  title={Multi-agent actor-critic for mixed cooperative-competitive environments},
  author={Lowe, Ryan and Wu, Yi I and Tamar, Aviv and Harb, Jean and Pieter Abbeel, OpenAI and Mordatch, Igor},
  journal={Advances in neural information processing systems},
  volume={30},
  year={2017}
}


