@article{walczyna2023overview,
  title={Overview of Voice Conversion Methods Based on Deep Learning},
  author={Walczyna, Tomasz and Piotrowski, Zbigniew},
  journal={Applied Sciences},
  volume={13},
  number={5},
  pages={3100},
  year={2023},
  publisher={MDPI}
}

@article{sisman2020overview,
  title={An overview of voice conversion and its challenges: From statistical modeling to deep learning},
  author={Sisman, Berrak and Yamagishi, Junichi and King, Simon and Li, Haizhou},
  journal={IEEE/ACM Transactions on Audio, Speech, and Language Processing},
  volume={29},
  pages={132--157},
  year={2020},
  publisher={IEEE}
}

@inproceedings{qian2019autovc,
  title={{AutoVC}: Zero-shot voice style transfer with only autoencoder loss},
  author={Qian, Kaizhi and Zhang, Yang and Chang, Shiyu and Yang, Xuesong and Hasegawa-Johnson, Mark},
  booktitle={International Conference on Machine Learning},
  pages={5210--5219},
  year={2019},
  organization={PMLR}
}

@inproceedings{casanova2022yourtts,
  title={{YourTTS}: Towards Zero-Shot Multi-Speaker TTS and Zero-Shot Voice Conversion for everyone},
  author={Casanova, Edresson and Weber, Julian and Shulby, Christopher D and Junior, Arnaldo Candido and G{\"o}lge, Eren and Ponti, Moacir A},
  booktitle={International Conference on Machine Learning},
  pages={2709--2720},
  year={2022},
  organization={PMLR}
}

@inproceedings{li2023styletts,
  title={{StyleTTS-VC}: One-Shot Voice Conversion by Knowledge Transfer From Style-Based TTS Models},
  author={Li, Yinghao Aaron and Han, Cong and Mesgarani, Nima},
  booktitle={2022 IEEE Spoken Language Technology Workshop (SLT)},
  pages={920--927},
  year={2023},
  organization={IEEE}
}

@inproceedings{lian2022robust,
  title={Robust disentangled variational speech representation learning for zero-shot voice conversion},
  author={Lian, Jiachen and Zhang, Chunlei and Yu, Dong},
  booktitle={ICASSP 2022-2022 IEEE International Conference on Acoustics, Speech and Signal Processing (ICASSP)},
  pages={6572--6576},
  year={2022},
  organization={IEEE}
}

@inproceedings{yuan2021improving,
  author       = {Siyang Yuan and
                  Pengyu Cheng and
                  Ruiyi Zhang and
                  Weituo Hao and
                  Zhe Gan and
                  Lawrence Carin},
  title        = {Improving Zero-Shot Voice Style Transfer via Disentangled Representation
                  Learning},
  booktitle    = {International Conference on Learning Representations (ICLR)},
  year         = {2021},
}



@inproceedings{wang2021vqmivc,
  author={Disong Wang and Liqun Deng and Yu Ting Yeung and Xiao Chen and Xunying Liu and Helen Meng},
  title={{VQMIVC}: Vector Quantization and Mutual Information-Based Unsupervised Speech Representation Disentanglement for One-Shot Voice Conversion},
  year=2021,
  booktitle={Proc. Interspeech},
  pages={1344--1348},
  doi={10.21437/Interspeech.2021-283}
}

@misc{
loshchilov2018fixing,
title={Fixing Weight Decay Regularization in {Adam}},
author={Ilya Loshchilov and Frank Hutter},
year={2018},
url={https://openreview.net/forum?id=rk6qdGgCZ},
}

@inproceedings{chen2021again,
  title={{Again-VC}: A one-shot voice conversion using activation guidance and adaptive instance normalization},
  author={Chen, Yen-Hao and Wu, Da-Yi and Wu, Tsung-Han and Lee, Hung-yi},
  booktitle={ICASSP 2021-2021 IEEE International Conference on Acoustics, Speech and Signal Processing (ICASSP)},
  pages={5954--5958},
  year={2021},
  organization={IEEE}
}

@article{hussain2023ace,
  title={{ACE-VC}: Adaptive and Controllable Voice Conversion using Explicitly Disentangled Self-supervised Speech Representations},
  author={Hussain, Shehzeen and Neekhara, Paarth and Huang, Jocelyn and Li, Jason and Ginsburg, Boris},
  journal={arXiv preprint arXiv:2302.08137},
  year={2023}
}

@article{choi2021neural,
  title={Neural analysis and synthesis: Reconstructing speech from self-supervised representations},
  author={Choi, Hyeong-Seok and Lee, Juheon and Kim, Wansoo and Lee, Jie and Heo, Hoon and Lee, Kyogu},
  journal={Advances in Neural Information Processing Systems},
  volume={34},
  pages={16251--16265},
  year={2021}
}

@inproceedings{dang2022training,
  title={Training robust zero-shot voice conversion models with self-supervised features},
  author={Dang, Trung and Tran, Dung and Chin, Peter and Koishida, Kazuhito},
  booktitle={ICASSP 2022-2022 IEEE International Conference on Acoustics, Speech and Signal Processing (ICASSP)},
  pages={6557--6561},
  year={2022},
  organization={IEEE}
}

@inproceedings{qian2022contentvec,
  title={{ContentVec}: An improved self-supervised speech representation by disentangling speakers},
  author={Qian, Kaizhi and Zhang, Yang and Gao, Heting and Ni, Junrui and Lai, Cheng-I and Cox, David and Hasegawa-Johnson, Mark and Chang, Shiyu},
  booktitle={International Conference on Machine Learning},
  pages={18003--18017},
  year={2022},
  organization={PMLR}
}

@inproceedings{zhang2020gazev,
  author       = {Zining Zhang and
                  Bingsheng He and
                  Zhenjie Zhang},
  title        = {{GAZEV}: {GAN}-Based Zero-Shot Voice Conversion Over Non-Parallel Speech
                  Corpus},
  booktitle    = {Proc. Interspeech},
  pages        = {791--795},
  year         = {2020},
}


@inproceedings{levkovitch2022zero,
  author={Alon Levkovitch and Eliya Nachmani and Lior Wolf},
  title={Zero-Shot Voice Conditioning for Denoising Diffusion TTS Models},
  year=2022,
  booktitle={Proc. Interspeech},
  pages={2983--2987},
  doi={10.21437/Interspeech.2022-10045}
}

@inproceedings{nguyen2022nvc,
  title={{NVC-Net}: End-to-end adversarial voice conversion},
  author={Nguyen, Bac and Cardinaux, Fabien},
  booktitle={ICASSP 2022-2022 IEEE International Conference on Acoustics, Speech and Signal Processing (ICASSP)},
  pages={7012--7016},
  year={2022},
  organization={IEEE}
}

@article{takahashi2022robust,
  title={Robust One-Shot Singing Voice Conversion},
  author={Takahashi, Naoya and Singh, Mayank Kumar and Mitsufuji, Yuki},
  journal={arXiv preprint arXiv:2210.11096},
  year={2022}
}

@inproceedings{li2021starganv2,
  author       = {Yinghao Aaron Li and
                  Ali Zare and
                  Nima Mesgarani},
  title        = {{StarGANv2-VC}: A Diverse, Unsupervised, Non-Parallel Framework for
                  Natural-Sounding Voice Conversion},
  booktitle    = {Proc. Interspeech},
  pages        = {1349--1353},
  year         = {2021},

}


@article{yasur2023deepfake,
  title={{Deepfake CAPTCHA}: A Method for Preventing Fake Calls},
  author={Yasur, Lior and Frankovits, Guy and Grabovski, Fred M and Mirsky, Yisroel},
  journal={arXiv preprint arXiv:2301.03064},
  year={2023}
}


@inproceedings{lee2022bigvgan,
  author       = {Lee, Sang-gil and Ping, Wei and Ginsburg, Boris and Catanzaro, Bryan and Yoon, Sungroh},
  title        = {{BigVGAN}: A Universal Neural Vocoder with Large-Scale Training},
  booktitle    = {International Conference on Learning Representations (ICLR)},
  year         = {2023},
}



@article{chen2022wavlm,
  title={{WavLM}: Large-scale self-supervised pre-training for full stack speech processing},
  author={Chen, Sanyuan and Wang, Chengyi and Chen, Zhengyang and Wu, Yu and Liu, Shujie and Chen, Zhuo and Li, Jinyu and Kanda, Naoyuki and Yoshioka, Takuya and Xiao, Xiong and others},
  journal={IEEE Journal of Selected Topics in Signal Processing},
  volume={16},
  number={6},
  pages={1505--1518},
  year={2022},
  publisher={IEEE}
}

@inproceedings{mao2017least,
  title={Least squares generative adversarial networks},
  author={Mao, Xudong and Li, Qing and Xie, Haoran and Lau, Raymond YK and Wang, Zhen and Paul Smolley, Stephen},
  booktitle={Proceedings of the IEEE International Conference on Computer Vision (ICCV)},
  pages={2794--2802},
  year={2017}
}

@inproceedings{pasad2021layer,
  title={Layer-wise analysis of a self-supervised speech representation model},
  author={Pasad, Ankita and Chou, Ju-Chieh and Livescu, Karen},
  booktitle={2021 IEEE Automatic Speech Recognition and Understanding Workshop (ASRU)},
  pages={914--921},
  year={2021},
  organization={IEEE}
}


@article{kum2019joint,
  title={Joint detection and classification of singing voice melody using convolutional recurrent neural networks},
  author={Kum, Sangeun and Nam, Juhan},
  journal={Applied Sciences},
  volume={9},
  number={7},
  pages={1324},
  year={2019},
  publisher={Multidisciplinary Digital Publishing Institute}
}


@inproceedings{huang2017arbitrary,
  title={Arbitrary style transfer in real-time with adaptive instance normalization},
  author={Huang, Xun and Belongie, Serge},
  booktitle={Proceedings of the IEEE International Conference on Computer Vision (ICCV)},
  pages={1501--1510},
  year={2017}
}

@article{yamagishi2019cstr,
  title={{CSTR VCTK} Corpus: English Multi-Speaker Corpus for CSTR Voice Cloning Toolkit (version 0.92)},
  author={Yamagishi, Junichi and Veaux, Christophe and MacDonald, Kirsten and others},
  year={2019},
  publisher={University of Edinburgh. The Centre for Speech Technology Research (CSTR)}
}

@inproceedings{zhao2021improved,
  title={Improved consistency regularization for {GANs}},
  author={Zhao, Zhengli and Singh, Sameer and Lee, Honglak and Zhang, Zizhao and Odena, Augustus and Zhang, Han},
  booktitle={Proceedings of the AAAI Conference on Artificial Intelligence},
  volume={35},
  number={12},
  pages={11033--11041},
  year={2021}
}

@article{li2022styletts,
  title={{StyleTTS}: A Style-Based Generative Model for Natural and Diverse Text-to-Speech Synthesis},
  author={Li, Yinghao Aaron and Han, Cong and Mesgarani, Nima},
  journal={arXiv preprint arXiv:2205.15439},
  year={2022}
}

@inproceedings{watanabe2018espnet,
  author={Shinji Watanabe and Takaaki Hori and Shigeki Karita and Tomoki Hayashi and Jiro Nishitoba and Yuya Unno and Nelson {Enrique Yalta Soplin} and Jahn Heymann and Matthew Wiesner and Nanxin Chen and Adithya Renduchintala and Tsubasa Ochiai},
  title={{ESPnet}: End-to-End Speech Processing Toolkit},
  year={2018},
  booktitle={Proceedings of Interspeech},
  pages={2207--2211},
  doi={10.21437/Interspeech.2018-1456},
  url={http://dx.doi.org/10.21437/Interspeech.2018-1456}
}

@article{li2023styletts2,
  title={StyleTTS 2: Towards Human-Level Text-to-Speech through Style Diffusion and Adversarial Training with Large Speech Language Models},
  author={Li, Yinghao Aaron and Han, Cong and Raghavan, Vinay S and Mischler, Gavin and Mesgarani, Nima},
  journal={arXiv preprint arXiv:2306.07691},
  year={2023}
}