@inproceedings{cordts2016cityscapes,
  title={The cityscapes dataset for semantic urban scene understanding},
  author={Cordts, Marius and Omran, Mohamed and Ramos, Sebastian and Rehfeld, Timo and Enzweiler, Markus and Benenson, Rodrigo and Franke, Uwe and Roth, Stefan and Schiele, Bernt},
  booktitle={Proceedings of the IEEE conference on computer vision and pattern recognition},
  pages={3213--3223},
  year={2016}
}

@article{helmberger2022hilti,
  title={The hilti slam challenge dataset},
  author={Helmberger, Michael and Morin, Kristian and Berner, Beda and Kumar, Nitish and Cioffi, Giovanni and Scaramuzza, Davide},
  journal={IEEE Robotics and Automation Letters},
  volume={7},
  number={3},
  pages={7518--7525},
  year={2022},
  publisher={IEEE}
}

@inproceedings{khattak2019visual,
  title={Visual-thermal landmarks and inertial fusion for navigation in degraded visual environments},
  author={Khattak, Shehryar and Papachristos, Christos and Alexis, Kostas},
  booktitle={2019 IEEE Aerospace Conference},
  pages={1--9},
  year={2019},
  organization={IEEE}
}

@article{einstein,
    author = "Albert Einstein",
    title = "{Zur Elektrodynamik bewegter K{\"o}rper}. ({German})
    [{On} the electrodynamics of moving bodies]",
    journal = "Annalen der Physik",
    volume = "322",
    number = "10",
    pages = "891--921",
    year = "1905",
    keywords = "physics"
}

@INPROCEEDINGS{8397911,
  author={Zhang, Yanhao and Zhang, Teng and Huang, Shoudong},
  booktitle={2018 13th IEEE Conference on Industrial Electronics and Applications (ICIEA)}, 
  title={Comparison of EKF based SLAM and optimization based SLAM algorithms}, 
  year={2018},
  volume={},
  number={},
  pages={1308-1313}
  }
  
@INPROCEEDINGS{8592768,
  author={Klug, Christoph and Arth, Clemens and Schmalstieg, Dieter and Gloor, Thomas},
  booktitle={IECON 2018 - 44th Annual Conference of the IEEE Industrial Electronics Society}, 
  title={Measurement Uncertainty Analysis of a Robotic Total Station Simulation}, 
  year={2018},
  volume={},
  number={},
  pages={2576-2582}
  }
  
@book{dirac,
    title = {The Principles of Quantum Mechanics},
    author = {Paul Adrien Maurice Dirac},
    isbn = {9780198520115},
    series = {International series of monographs on physics},
    year = {1981},
    publisher = {Clarendon Press},
    keywords = {physics}
}

@inbook{knuth-fa,
    author = "Donald E. Knuth",
    title = "Fundamental Algorithms",
    publisher = "Addison-Wesley",
    year = "1973",
    chapter = "1.2",
    keywords  = "knuth,programming"
}

@online{alphacore,
    author = "Sevensense",
    title = "Alphasense Position",
    url  = "https://www.sevensense.ai/product/alphasense-position",
    addendum = "(accessed: 12.09.2021)",
    keywords = "hardware,sevensense"
}

@online{ouster,
    author = "Ouster",
    title = "Ouster OS0",
    url  = "https://ouster.com/products/os0-lidar-sensor/",
    addendum = "(accessed: 12.09.2021)",
    keywords = "hardware,ouster"
}

@online{livox,
    author = "Livox",
    title = "Livox MID70",
    url  = "https://www.livoxtech.com/mid-70",
    addendum = "(accessed: 12.09.2021)",
    keywords = "hardware,livox"
}

@online{ADIS,
    author = "Analogue Devices",
    title = "ADIS16445 Overview",
    url  = "https://www.analog.com/en/products/adis16445.html#product-overview",
    addendum = "(accessed: 12.09.2021)",
    keywords = "hardware,adis"
}

@online{invensense,
    author = "TDK Invensense",
    title = "ICM-20948 Overview",
    url  = "https://invensense.tdk.com/products/motion-tracking/9-axis/icm-20948",
    addendum = "(accessed: 12.09.2021)",
    keywords = "hardware,invense"
}

@online{boschimu,
    author = "Bosch",
    title = "Bosch BMI085 Overview",
    url  = "https://www.bosch-sensortec.com/products/motion-sensors/imus/bmi085/",
    addendum = "(accessed: 12.09.2021)",
    keywords = "hardware,bosch"
}

@online{hiltiplt,
    author = "Hilti",
    title = "Hilti PLT 300",
    url  = "https://www.hilti.com/c/CLS_MEA_TOOL_INSERT_7127/CLS_CONSTRUCTION_TOTAL_STATIONS_7127/r4728599",
    addendum = "(accessed: 12.09.2021)",
    keywords = "hardware,hilti"
}

@online{optitrack,
    author = "Optitrack",
    title = "Motion Capture Systems",
    url  = "https://optitrack.com",
    addendum = "(accessed: 12.09.2021)",
    keywords = "hardware,optitrack"
}

@online{jaibot,
    author = "{Hilti AG}",
    title = "Hilti {J}aibot",
    url  = "https://www.hilti.ca/content/hilti/W1/CA/en/business/business/trends/jaibot.html",
    addendum = "(accessed: 12.09.2021)",
    year = 2020,
    keywords = "hilti,jaibot"
}

@INPROCEEDINGS{Geiger2012CVPR,
  author = {Andreas Geiger and Philip Lenz and Raquel Urtasun},
  title = {Are we ready for Autonomous Driving? {T}he {KITTI} {V}ision {B}enchmark {S}uite},
  booktitle = {Conference on Computer Vision and Pattern Recognition (CVPR)},
  year = {2012}
} 

@inproceedings{tartanair2020iros,
  title =   {TartanAir: A Dataset to Push the Limits of Visual {SLAM}},
  author =  {Wang, Wenshan and Zhu, Delong and Wang, Xiangwei and Hu, Yaoyu and Qiu, Yuheng and Wang, Chen and Hu, Yafei and Kapoor, Ashish and Scherer, Sebastian},
  booktitle = {2020 IEEE/RSJ International Conference on Intelligent Robots and Systems (IROS)},
  year =    {2020}
}

@article{schwarz1993integrated,
  title={An integrated {INS/GPS} approach to the georeferencing of remotely sensed data},
  author={Schwarz, Klaus-Peter and Chapman, MA and Cannon, MW and Gong, P},
  journal={Photogrammetric Engineering and Remote Sensing},
  volume={59},
  number={11},
  pages={1667--1674},
  year={1993}
}

@article{Burri25012016,
author = {Burri, Michael and Nikolic, Janosch and Gohl, Pascal and Schneider, Thomas and Rehder, Joern and Omari, Sammy and Achtelik, Markus W and Siegwart, Roland}, 
title = {The {EuRoC} micro aerial vehicle datasets},
year = {2016}, 
journal = {The International Journal of Robotics Research} 
}

@InProceedings{Delmerico19icra,
 author = {Jeffrey Delmerico and Titus Cieslewski and Henri Rebecq and Matthias Faessler and Davide Scaramuzza},
 title = {Are We Ready for Autonomous Drone Racing? The {UZH-FPV} Drone Racing Dataset},
 booktitle = {{IEEE} Int. Conf. Robot. Autom. ({ICRA})},
 year = 2019
}

@article{Mueggler_2017,
   title={The event-camera dataset and simulator: Event-based data for pose estimation, visual odometry, and {SLAM}},
   volume={36},
   ISSN={1741-3176},
      number={2},
   journal={The International Journal of Robotics Research},
   publisher={SAGE Publications},
   author={Mueggler, Elias and Rebecq, Henri and Gallego, Guillermo and Delbruck, Tobi and Scaramuzza, Davide},
   year={2017},
   month={2},
   pages={142â€“149}
}

@article{Koide2019,
  year = {2019},
  month = mar,
  publisher = {{SAGE} Publications},
  volume = {16},
  number = {2},
  pages = {172988141984153},
  author = {Kenji Koide and Jun Miura and Emanuele Menegatti},
  title = {A portable three-dimensional {LIDAR}-based system for long-term and wide-area people behavior measurement},
  journal = {International Journal of Advanced Robotic Systems}
}

@article{7782863,
  author={Forster, Christian and Zhang, Zichao and Gassner, Michael and Werlberger, Manuel and Scaramuzza, Davide},
  journal={IEEE Transactions on Robotics}, 
  title={{SVO}: Semidirect Visual Odometry for Monocular and Multicamera Systems}, 
  year={2017},
  volume={33},
  number={2},
  pages={249-265},
}
  
@article{zhang2014loam,
    author = {Zhang, Ji and Singh, Sanjiv},
    year = {2014},
    month = {01},
    pages = {109-111},
    title = {{LOAM}: Lidar Odometry and Mapping in real-time},
    journal = {Robotics: Science and Systems Conference (RSS)}
}

@article{s21010068,
AUTHOR = {Faizullin, Marsel and Kornilova, Anastasiia and Akhmetyanov, Azat and Ferrer, Gonzalo},
TITLE = {Twist-n-Sync: Software Clock Synchronization with Microseconds Accuracy Using {MEMS}-Gyroscopes},
JOURNAL = {Sensors},
VOLUME = {21},
YEAR = {2021},
NUMBER = {1},
ARTICLE-NUMBER = {68},
ISSN = {1424-8220},
ABSTRACT = {Sensor networks require a high degree of synchronization in order to produce a stream of data useful for further purposes. Examples of time misalignment manifest as undesired artifacts when doing multi-camera bundle-adjustment or global positioning system (GPS) geo-localization for mapping. Network Time Protocol (NTP) variants of clock synchronization can provide accurate results, though present high variance conditioned by the environment and the channel load. We propose a new precise technique for software clock synchronization over a network of rigidly attached devices using gyroscope data. Gyroscope sensors, or IMU, provide a high-rate measurements that can be processed efficiently. We use optimization tools over the correlation signal of IMU data from a network of gyroscope sensors. Our method provides stable microseconds accuracy, regardless of the number of sensors and the conditions of the network. In this paper, we show the performance of the gyroscope software synchronization in a controlled environment, and we evaluate the performance in a sensor network of smartphones by our open-source Android App, Twist-n-Sync, that is publicly available.},
}

@inproceedings{Foote2013,
  year = {2013},
  month = apr,
  publisher = {{IEEE}},
  author = {Tully Foote},
  title = {{tf}: The transform library},
  booktitle = {2013 {IEEE} Conference on Technologies for Practical Robot Applications ({TePRA})}
}

@Inbook{Furrer2017FSR,
author="Furrer, Fadri
and Fehr, Marius
and Novkovic, Tonci
and Sommer, Hannes
and Gilitschenski, Igor
and Siegwart, Roland",
title="Evaluation of Combined Time-Offset Estimation and Hand-Eye Calibration on Robotic Datasets",
bookTitle="Field and Service Robotics: Results of the 11th International Conference",
year="2017",
publisher="Springer International Publishing",
address="Cham",
isbn="978-3-319-67361-5"
}

@INPROCEEDINGS{8593941,
  author={Zhang, Zichao and Scaramuzza, Davide},
  booktitle={2018 IEEE/RSJ International Conference on Intelligent Robots and Systems (IROS)}, 
  title={A Tutorial on Quantitative Trajectory Evaluation for Visual(-Inertial) Odometry}, 
  year={2018},
  volume={},
  number={},
  pages={7244-7251},
}
  
  @article{murORB2,
  title={{ORB-SLAM2}: an Open-Source {SLAM} System for Monocular, Stereo and {RGB-D} Cameras},
  author={Mur-Artal, Ra\'ul and Tard\'os, Juan D.},
  journal={IEEE Transactions on Robotics},
  volume={33},
  number={5},
  pages={1255--1262},
  year={2017}
 }
 
 @ARTICLE{4579760,
  author={},
  journal={IEEE Std 1588-2008 (Revision of IEEE Std 1588-2002)}, 
  title={{IEEE} Standard for a Precision Clock Synchronization Protocol for Networked Measurement and Control Systems}, 
  year={2008},
  volume={},
  number={},
  pages={1-269},

  }
  
  @article{fastlio,
  author    = {Wei Xu and
               Yixi Cai and
               Dongjiao He and
               Jiarong Lin and
               Fu Zhang},
  title     = {{FAST-LIO2:} Fast Direct LiDAR-inertial Odometry},
  journal   = {IEEE Transactions on Robotics},
  volume    = {abs/2107.06829},
  year      = {2022}
}

@Article{Cadena16tro,
  author        = {Cadena, Cesar and Carlone, Luca and Carrillo, Henry and
                  Latif, Yasir and Scaramuzza, Davide and Neira, Jos\'e and
                  Reid, Ian D. and Leonard, John J.},
  title         = {Past, Present, and Future of Simultaneous Localization and
                  Mapping: Toward the Robust-Perception Age},
  journal       = tro,
  year          = 2016,
  volume        = 32,
  number        = 6,
  pages         = {1309--1332}
}

@online{SLAMCORE,
    author = "SLAMcore",
    title = "SLAMcore Spatial Intelligence for Robots and Machines",
    url  = "https://www.slamcore.com/",
    addendum = "(accessed: 19.02.2022)",
    keywords = "slam company"
}

@Article{Leutenegger15ijrr,
  author        = {S. Leutenegger and S. Lynen and M. Bosse and R. Siegwart and
                  P. Furgale},
  title         = {Keyframe-Based Visual-Inertial {SLAM} using Nonlinear
                  Optimization},
  journal       = ijrr,
  year          = 2015
}

@article{cioffi2022continuous,
  title={Continuous-Time vs. Discrete-Time Vision-based SLAM: A Comparative Study},
  author={Cioffi, Giovanni and Cieslewski, Titus and Scaramuzza, Davide},
  journal=ral,
  year={2022},
  publisher={IEEE}
}

@article{debeunne2020review,
  title={A review of visual-LiDAR fusion based simultaneous localization and mapping},
  author={Debeunne, C{\'e}sar and Vivet, Damien},
  journal={Sensors},
  volume={20},
  number={7},
  pages={2068},
  year={2020},
  publisher={Multidisciplinary Digital Publishing Institute}
}

@article{blanco2014malaga,
  title={The M{\'a}laga urban dataset: High-rate stereo and LiDAR in a realistic urban scenario},
  author={Blanco-Claraco, Jos{\'e}-Luis and Moreno-Duenas, Francisco-Angel and Gonz{\'a}lez-Jim{\'e}nez, Javier},
  journal=ijrr,
  volume={33},
  number={2},
  pages={207--214},
  year={2014},
  publisher={SAGE Publications Sage UK: London, England}
}

@article{zhang2021multi,
  title={Multi-camera LiDAR inertial extension to the newer college dataset},
  author={Zhang, Lintong and Camurri, Marco and Fallon, Maurice},
  journal={arXiv preprint arXiv:2112.08854},
  year={2021}
}

@inproceedings{pfrommer2017penncosyvio,
  title={Penncosyvio: A challenging visual inertial odometry benchmark},
  author={Pfrommer, Bernd and Sanket, Nitin and Daniilidis, Kostas and Cleveland, Jonas},
  booktitle={2017 IEEE International Conference on Robotics and Automation (ICRA)},
  pages={3847--3854},
  year={2017},
  organization={IEEE}
}

@inproceedings{schubert2018tum,
  title={The TUM VI benchmark for evaluating visual-inertial odometry},
  author={Schubert, David and Goll, Thore and Demmel, Nikolaus and Usenko, Vladyslav and St{\"u}ckler, J{\"o}rg and Cremers, Daniel},
  booktitle={2018 IEEE/RSJ International Conference on Intelligent Robots and Systems (IROS)},
  pages={1680--1687},
  year={2018},
  organization={IEEE}
}

@article{zuniga2020vi,
  title={The UMA-VI dataset: Visual--inertial odometry in low-textured and dynamic illumination environments},
  author={Zu{\~n}iga-No{\"e}l, David and Jaenal, Alberto and Gomez-Ojeda, Ruben and Gonzalez-Jimenez, Javier},
  journal={The International Journal of Robotics Research},
  volume={39},
  number={9},
  pages={1052--1060},
  year={2020},
  publisher={SAGE Publications Sage UK: London, England}
}

@article{carlevaris2016university,
  title={University of Michigan North Campus long-term vision and lidar dataset},
  author={Carlevaris-Bianco, Nicholas and Ushani, Arash K and Eustice, Ryan M},
  journal={The International Journal of Robotics Research},
  volume={35},
  number={9},
  pages={1023--1035},
  year={2016},
  publisher={Sage Publications Sage UK: London, England}
}

@article{gallego2020event,
  title={Event-based vision: A survey},
  author={Gallego, Guillermo and Delbr{\"u}ck, Tobi and Orchard, Garrick and Bartolozzi, Chiara and Taba, Brian and Censi, Andrea and Leutenegger, Stefan and Davison, Andrew J and Conradt, J{\"o}rg and Daniilidis, Kostas and others},
  journal={IEEE transactions on pattern analysis and machine intelligence},
  volume={44},
  number={1},
  pages={154--180},
  year={2020},
  publisher={IEEE}
}

@inproceedings{ramezani2020newer,
  title={The newer college dataset: Handheld lidar, inertial and vision with ground truth},
  author={Ramezani, Milad and Wang, Yiduo and Camurri, Marco and Wisth, David and Mattamala, Matias and Fallon, Maurice},
  booktitle={2020 IEEE/RSJ International Conference on Intelligent Robots and Systems (IROS)},
  pages={4353--4360},
  year={2020},
  organization={IEEE}
}


@inproceedings{Neuhaus2018MC2SLAMRI,
  title={MC2SLAM: Real-Time Inertial Lidar Odometry Using Two-Scan Motion Compensation},
  author={Frank Neuhaus and Tilman Ko{\ss} and Robert Kohnen and Dietrich Paulus},
  booktitle={GCPR},
  year={2018}
}
@INPROCEEDINGS{4209642,
  author={Mourikis, Anastasios I. and Roumeliotis, Stergios I.},
  booktitle={Proceedings 2007 IEEE International Conference on Robotics and Automation}, 
  title={A Multi-State Constraint Kalman Filter for Vision-aided Inertial Navigation}, 
  year={2007},
  volume={},
  number={},
  pages={3565-3572},
  }
  
  @misc{wisth2021vilens,
      title={VILENS: Visual, Inertial, Lidar, and Leg Odometry for All-Terrain Legged Robots}, 
      author={David Wisth and Marco Camurri and Maurice Fallon},
      year={2021},
      eprint={2107.07243},
      archivePrefix={arXiv},
      primaryClass={cs.RO}
}

@inproceedings{besl1992method,
  title={Method for registration of 3-D shapes},
  author={Besl, Paul J and McKay, Neil D},
  booktitle={Sensor fusion IV: control paradigms and data structures},
  volume={1611},
  pages={586--606},
  year={1992},
  organization={Spie}
}

@misc{nguyen2021viral,
      title={VIRAL SLAM: Tightly Coupled Camera-IMU-UWB-Lidar SLAM}, 
      author={Thien-Minh Nguyen and Shenghai Yuan and Muqing Cao and Thien Hoang Nguyen and Lihua Xie},
      year={2021},
      eprint={2105.03296},
      archivePrefix={arXiv},
      primaryClass={cs.RO}
}

@article{2018maplab,
   title={Maplab: An Open Framework for Research in Visual-Inertial Mapping and Localization},
   volume={3},
   number={3},
   journal={IEEE Robotics and Automation Letters},
   publisher={Institute of Electrical and Electronics Engineers (IEEE)},
   author={Schneider, Thomas and Dymczyk, Marcin and Fehr, Marius and Egger, Kevin and Lynen, Simon and Gilitschenski, Igor and Siegwart, Roland},
   year={2018},
   month={7},
   pages={1418â€“1425}
   
  }
   
 @misc{dellenbach2021cticp,
      title={CT-ICP: Real-time Elastic LiDAR Odometry with Loop Closure}, 
      author={Pierre Dellenbach and Jean-Emmanuel Deschaud and Bastien Jacquet and FranÃ§ois Goulette},
      year={2021},
      eprint={2109.12979},
      archivePrefix={arXiv},
      primaryClass={cs.RO}
}
@article{aloam,
author = {Zhang, Ji and Singh, Sanjiv},
year = {2014},
month = {01},
pages = {109-111},
title = {LOAM : Lidar Odometry and Mapping in real-time},
journal = {Robotics: Science and Systems Conference (RSS)}
}

@inproceedings{seiskari2021hybvio,
  title={HybVIO: Pushing the Limits of Real-time Visual-inertial Odometry},
  author={Seiskari, Otto and Rantalankila, Pekka and Kannala, Juho and Ylilammi, Jerry and Rahtu, Esa and Solin, Arno},
  booktitle={Proceedings of the IEEE/CVF Winter Conference on Applications of Computer Vision},
  pages={701--710},
  year={2022}
}

@article{janai2020computer,
  title={Computer vision for autonomous vehicles: Problems, datasets and state of the art},
  author={Janai, Joel and G{\"u}ney, Fatma and Behl, Aseem and Geiger, Andreas and others},
  journal={Foundations and Trends{\textregistered} in Computer Graphics and Vision},
  volume={12},
  number={1--3},
  pages={1--308},
  year={2020},
  publisher={Now Publishers, Inc.}
}

@InProceedings{Furgale13iros,
  author        = {Furgale, P. and Rehder, J. and Siegwart, R.},
  title         = {Unified Temporal and Spatial Calibration for Multi-Sensor
                  Systems},
  booktitle     = iros,
  year          = 2013,
  doi           = {10.1109/IROS.2013.6696514}
}

@inproceedings{zhao2021super,
  title={Super odometry: IMU-centric LiDAR-visual-inertial estimator for challenging environments},
  author={Zhao, Shibo and Zhang, Hengrui and Wang, Peng and Nogueira, Lucas and Scherer, Sebastian},
  booktitle={2021 IEEE/RSJ International Conference on Intelligent Robots and Systems (IROS)},
  pages={8729--8736},
  year={2021},
  organization={IEEE}
}

@comment{ Lajoie, P.-Y., Ramtoula, B., Wu, F., & Beltrame, G. (2022). Towards 
           collaborative simultaneous localization and mapping: A survey of 
           the current research landscape. Field Robotics, 2, 971-1000 }
@article{lajoie2022,
 author = "Lajoie, P. -Y. and Ramtoula, B. and Wu, F. and Beltrame, G.",
 title = "Towards collaborative simultaneous localization and mapping: A survey of the current research landscape",
 journal = "Field Robotics",
 volume = "2",
 pages = "971--1000",
 year = "2022"
}

@article{zhou2022multi,
  title={Multi-Robot Collaborative Perception with Graph Neural Networks},
  author={Zhou, Yang and Xiao, Jiuhong and Zhou, Yue and Loianno, Giuseppe},
  journal={IEEE Robotics and Automation Letters},
  volume={7},
  number={2},
  pages={2289--2296},
  year={2022},
  publisher={IEEE}
}



@inproceedings{segal2009generalized,
  title={Generalized-icp.},
  author={Segal, Aleksandr and Haehnel, Dirk and Thrun, Sebastian},
  booktitle={Robotics: science and systems},
  volume={2},
  number={4},
  pages={435},
  year={2009},
  organization={Seattle, WA}
}

@ARTICLE{4404126,  author={El-Sheimy, Naser and Hou, Haiying and Niu, Xiaoji},  journal={IEEE Transactions on Instrumentation and Measurement},   title={Analysis and Modeling of Inertial Sensors Using Allan Variance},   year={2008},  volume={57},  number={1},  pages={140-149},  doi={10.1109/TIM.2007.908635}}

@ARTICLE{faster_lio,
author={Bai, Chunge and Xiao, Tao and Chen, Yajie and Wang, Haoqian and Zhang, Fang and Gao, Xiang},  
journal={IEEE Robotics and Automation Letters},   
title={Faster-LIO: Lightweight Tightly Coupled Lidar-Inertial Odometry Using Parallel Sparse Incremental Voxels},   
year={2022},  
volume={7},  
number={2},  
pages={4861-4868},  
doi={10.1109/LRA.2022.3152830}}

@inproceedings{liosam2020shan,
  title={LIO-SAM: Tightly-coupled Lidar Inertial Odometry via Smoothing and Mapping},
  author={Shan, Tixiao and Englot, Brendan and Meyers, Drew and Wang, Wei and Ratti, Carlo and Rus Daniela},
  booktitle={IEEE/RSJ International Conference on Intelligent Robots and Systems (IROS)},
  pages={5135-5142},
  year={2020},
  organization={IEEE}
}

@article{clins,
  author    = {Jiajun Lv and
               Kewei Hu and
               Jinhong Xu and
               Yong Liu and
               Xiushui Ma and
               Xingxing Zuo},
  title     = {{CLINS:} Continuous-Time Trajectory Estimation for LiDAR-Inertial
               System},
  journal   = {CoRR},
  volume    = {abs/2109.04687},
  year      = {2021},
  url       = {https://arxiv.org/abs/2109.04687},
  eprinttype = {arXiv},
  eprint    = {2109.04687},
  timestamp = {Tue, 28 Dec 2021 16:50:17 +0100},
  biburl    = {https://dblp.org/rec/journals/corr/abs-2109-04687.bib},
  bibsource = {dblp computer science bibliography, https://dblp.org}
}


@ARTICLE{vins-mono,  author={Qin, Tong and Li, Peiliang and Shen, Shaojie},  journal={IEEE Transactions on Robotics},   title={VINS-Mono: A Robust and Versatile Monocular Visual-Inertial State Estimator},   year={2018},  volume={34},  number={4},  pages={1004-1020},  doi={10.1109/TRO.2018.2853729}}


@article{geiger2013vision,
  title={Vision meets robotics: The kitti dataset},
  author={Geiger, Andreas and Lenz, Philip and Stiller, Christoph and Urtasun, Raquel},
  journal={The International Journal of Robotics Research},
  volume={32},
  number={11},
  pages={1231--1237},
  year={2013},
  publisher={Sage Publications Sage UK: London, England}
}

@inproceedings{gaidon2016virtual,
  title={Virtual worlds as proxy for multi-object tracking analysis},
  author={Gaidon, Adrien and Wang, Qiao and Cabon, Yohann and Vig, Eleonora},
  booktitle={Proceedings of the IEEE conference on computer vision and pattern recognition},
  pages={4340--4349},
  year={2016}
}

@article{maddern20171,
  title={1 year, 1000 km: The Oxford RobotCar dataset},
  author={Maddern, Will and Pascoe, Geoffrey and Linegar, Chris and Newman, Paul},
  journal={The International Journal of Robotics Research},
  volume={36},
  number={1},
  pages={3--15},
  year={2017},
  publisher={SAGE Publications Sage UK: London, England}
}


@ARTICLE{orbslam,  author={Mur-Artal, RaÃºl and Montiel, J. M. M. and TardÃ³s, Juan D.},  journal={IEEE Transactions on Robotics},   title={ORB-SLAM: A Versatile and Accurate Monocular SLAM System},   year={2015},  volume={31},  number={5},  pages={1147-1163},  doi={10.1109/TRO.2015.2463671}}