@inproceedings{chen2020metamorph,
	title={Metamorph: Injecting inaudible commands into over-the-air voice controlled systems},
	author={Chen, Tao and Shangguan, Longfei and Li, Zhenjiang and Jamieson, Kyle},
	booktitle={Network and Distributed Systems Security (NDSS) Symposium},
	year={2020}
}

@inproceedings{o2022evaluating,
  title={Evaluating the effects of modified speech on perceptual speaker identification performance},
  author={O'Brien, Benjamin and Meunier, Christine and Ghio, Alain},
  booktitle={Interspeech 2022},
  year={2022}
}

@inproceedings{vaidya2015cocaine,
  title={Cocaine noodles: exploiting the gap between human and machine speech recognition},
  author={Vaidya, Tavish and Zhang, Yuankai and Sherr, Micah and Shields, Clay},
  booktitle={9th USENIX Workshop on Offensive Technologies (WOOT 15)},
  year={2015}
}

@inproceedings{carlini2016hidden,
  title={Hidden voice commands},
  author={Carlini, Nicholas and Mishra, Pratyush and Vaidya, Tavish and Zhang, Yuankai and Sherr, Micah and Shields, Clay and Wagner, David and Zhou, Wenchao},
  booktitle={25th USENIX security symposium (USENIX security 16)},
  pages={513--530},
  year={2016}
}

@misc{amplifierHSA4015,
	author = {Micronix},
	title = {NF HSA4015},
	howpublished = {Website},
	year = {2013},
	note = {\url{https://eshop.micronix.eu/measurement-equipment/electrical-quantities/nf-corporation-instruments/high-speed-bipolar-amplifiers/hsa-4051.html}}
}

@book{ziemer2006principles,
  title={Principles of communications: system modulation and noise},
  author={Ziemer, Rodger and Tranter, William H},
  year={2006},
  publisher={John Wiley \& Sons}
}

@misc{hivi,
	author = {Hivi},
	title = {Swan M-50WMKIII},
	howpublished = {Website},
	note = {\url{https://www.swanspeakers.com/product/view?id=162}}
}


@misc{siglent,
	author = {Siglent},
	title = {SDG6032X-E},
	howpublished = {Website},
	year = {2019},
	note = {\url{https://siglentna.com/product/sdg6032x/}}
}

@inproceedings{abdullah2019ndss,
  author    = {Hadi Abdullah and
               Washington Garcia and
               Christian Peeters and
               Patrick Traynor and
               Kevin R. B. Butler and
               Joseph Wilson},
  title     = {Practical Hidden Voice Attacks against Speech and Speaker Recognition
               Systems},
  booktitle = {26th Annual Network and Distributed System Security Symposium, {NDSS}
               2019},
  year      = {2019}
}

@incollection{pytorch,
    title = {PyTorch: An Imperative Style, High-Performance Deep Learning Library},
    author = {Paszke, Adam and Gross, Sam and Massa, Francisco and Lerer, Adam and Bradbury, James and Chanan, Gregory and Killeen, Trevor and Lin, Zeming and Gimelshein, Natalia and Antiga, Luca and Desmaison, Alban and Kopf, Andreas and Yang, Edward and DeVito, Zachary and Raison, Martin and Tejani, Alykhan and Chilamkurthy, Sasank and Steiner, Benoit and Fang, Lu and Bai, Junjie and Chintala, Soumith},
    booktitle = {Advances in Neural Information Processing Systems 32},
    pages = {8024--8035},
    year = {2019},
    publisher = {Curran Associates, Inc.},
}

@inproceedings{carlini2017towards,
  title={Towards evaluating the robustness of neural networks},
  author={Carlini, Nicholas and Wagner, David},
  booktitle={2017 {IEEE} Symposium on Security and Privacy (SP)},
  pages={39--57},
  year={2017},
  organization={IEEE}
}

@article{li2023tuner,
  title={Enrollment-stage Backdoor Attacks on Speaker Recognition Systems via Adversarial Ultrasound},
  author={Li, Xinfeng and Ze, Junning and Yan, Chen and Cheng, Yushi and Ji, Xiaoyu and Xu, Wenyuan},
  journal={arXiv preprint arXiv:2306.16022},
  year={2023}
}

@article{zheng2020automatic,
  title={When automatic voice disguise meets automatic speaker verification},
  author={Zheng, Linlin and Li, Jiakang and Sun, Meng and Zhang, Xiongwei and Zheng, Thomas Fang},
  journal={IEEE Transactions on Information Forensics and Security},
  volume={16},
  pages={824--837},
  year={2020},
  publisher={IEEE}
}

@article{tavi2022improving,
  title={Improving speaker de-identification with functional data analysis of f0 trajectories},
  author={Tavi, Lauri and Kinnunen, Tomi and Hautam{\"a}ki, Rosa Gonz{\'a}lez},
  journal={Speech Communication},
  volume={140},
  pages={1--10},
  year={2022},
  publisher={Elsevier}
}

@InProceedings{qin2019imperceptible,
  title = 	 {Imperceptible, Robust, and Targeted Adversarial Examples for Automatic Speech Recognition},
  author =       {Qin, Yao and Carlini, Nicholas and Cottrell, Garrison and Goodfellow, Ian and Raffel, Colin},
  booktitle = 	 {Proceedings of the 36th International Conference on Machine Learning},
  pages = 	 {5231--5240},
  year = 	 {2019},
  volume = 	 {97},
}

@InProceedings{2006plda,
    author="Ioffe, Sergey",
    editor="Leonardis, Ale{\v{s}}
    and Bischof, Horst
    and Pinz, Axel",
    title="Probabilistic Linear Discriminant Analysis",
    booktitle="Computer Vision -- ECCV 2006",
    year="2006",
    publisher="Springer Berlin Heidelberg",
    address="Berlin, Heidelberg",
    pages="531--542",
}

@techreport{cossim,
   author = {National Institute of Standards and Technology},
   title = {COSINE DISTANCE, COSINE SIMILARITY},
   note = {\url{https://www.itl.nist.gov/div898/software/dataplot/refman2/auxillar/cosdist.htm}},
}

@inproceedings{2018xvec,
  author    = {David Snyder and
               Daniel Garcia{-}Romero and
               Gregory Sell and
               Daniel Povey and
               Sanjeev Khudanpur},
  title     = {X-Vectors: Robust {DNN} Embeddings for Speaker Recognition},
  booktitle = {2018 {IEEE} International Conference on Acoustics, Speech and Signal
               Processing},
  year      = {2018},
}

@inproceedings{2020ecapatdnn,
  author    = {Brecht Desplanques and
               Jenthe Thienpondt and
               Kris Demuynck},
  title     = {{ECAPA-TDNN:} Emphasized Channel Attention, Propagation and Aggregation
               in {TDNN} Based Speaker Verification},
  booktitle = {Interspeech 2020, 21st Annual Conference of the International Speech
               Communication Association},
  pages     = {3830--3834},
  year      = {2020},
}

@inproceedings{yuan2018commandersong,
  author    = {Xuejing Yuan and
               Yuxuan Chen and
               Yue Zhao and
               Yunhui Long and
               Xiaokang Liu and
               Kai Chen and
               Shengzhi Zhang and
               Heqing Huang and
               Xiaofeng Wang and
               Carl A. Gunter},
  title     = {CommanderSong: {A} Systematic Approach for Practical Adversarial Voice
               Recognition},
  booktitle = {27th {USENIX} Security Symposium, {USENIX} Security},
  pages     = {49--64},
  year      = {2018},
}

@inproceedings{zhang2021capspeaker,
  author    = {Xiaoyu Ji and
               Juchuan Zhang and
               Shui Jiang and
               Jishen Li and
               Wenyuan Xu},
  title     = {CapSpeaker: Injecting Voices to Microphones via Capacitors},
  booktitle = {{CCS} '21: 2021 {ACM} {SIGSAC} Conference on Computer and Communications
               Security, Virtual Event, Republic of Korea},
  pages     = {1915--1929},
  year      = {2021},
}

@inproceedings{chen2021fakebob,
  author    = {Guangke Chen and
               Sen Chen and
               Lingling Fan and
               Xiaoning Du and
               Zhe Zhao and
               Fu Song and
               Yang Liu},
  title     = {Who is Real Bob? Adversarial Attacks on Speaker Recognition Systems},
  booktitle = {42nd {IEEE} Symposium on Security and Privacy, {SP} 2021},
  pages     = {694--711},
  publisher = {{IEEE}},
  year      = {2021},
}


@misc{fluent2020commands,
	author = {fluent.ai},
	title = {Fluent Speech Commands},
	howpublished = {Website},
	year = {2020},
	note = {\url{https://www.kaggle.com/tommyngx/fluent-speech-corpus}}
}

@inproceedings{chen2020devilwhisper,
  author    = {Yuxuan Chen and
               Xuejing Yuan and
               Jiangshan Zhang and
               Yue Zhao and
               Shengzhi Zhang and
               Kai Chen and
               XiaoFeng Wang},
  title     = {Devil's Whisper: {A} General Approach for Physical Adversarial Attacks
               against Commercial Black-box Speech Recognition Devices},
  booktitle = {29th {USENIX} Security Symposium, {USENIX} Security
               2020},
  pages     = {2667--2684},
  year      = {2020},
}

@inproceedings{carlini2018audio,
  title={Audio adversarial examples: Targeted attacks on speech-to-text},
  author={Carlini, Nicholas and Wagner, David},
  booktitle={2018 IEEE security and privacy workshops (SPW)},
  pages={1--7},
  year={2018},
  organization={IEEE}
}

@article{schonherr2018adversarial,
  title={Adversarial attacks against automatic speech recognition systems via psychoacoustic hiding},
  author={Sch{\"o}nherr, Lea and Kohls, Katharina and Zeiler, Steffen and Holz, Thorsten and Kolossa, Dorothea},
  journal={arXiv preprint arXiv:1808.05665},
  year={2018}
}

@inproceedings{rirIJCAI,
  author    = {Hiromu Yakura and
               Jun Sakuma},
  title     = {Robust Audio Adversarial Example for a Physical Attack},
  booktitle = {Proceedings of the Twenty-Eighth International Joint Conference on Artificial Intelligence, {IJCAI} 2019,
               2019},
  pages     = {5334--5341},
  year      = {2019},
}

@inproceedings{taori2019targeted,
  title={Targeted adversarial examples for black box audio systems},
  author={Taori, Rohan and Kamsetty, Amog and Chu, Brenton and Vemuri, Nikita},
  booktitle={2019 IEEE security and privacy workshops (SPW)},
  pages={15--20},
  year={2019},
  organization={IEEE}
}

@inproceedings{amodei2016deep,
  title={Deep speech 2: End-to-end speech recognition in english and mandarin},
  author={Amodei, Dario and Ananthanarayanan, Sundaram and Anubhai, Rishita and Bai, Jingliang and Battenberg, Eric and Case, Carl and Casper, Jared and Catanzaro, Bryan and Cheng, Qiang and Chen, Guoliang and others},
  booktitle={International conference on machine learning},
  pages={173--182},
  year={2016},
  organization={PMLR},
}

@inproceedings{nakamura2000acoustical,
    title = "Acoustical Sound Database in Real Environments for Sound Scene Understanding and Hands-Free Speech Recognition",
    author = "Nakamura, Satoshi  and
      Hiyane, Kazuo  and
      Asano, Futoshi  and
      Nishiura, Takanobu  and
      Yamada, Takeshi",
    booktitle = "Proceedings of the Second International Conference on Language Resources and Evaluation ({LREC}{'}00)",
    year = "2000",
}

@book{holm2019waves,
  title={Waves with power-law attenuation},
  author={Holm, Sverre},
  year={2019},
  publisher={Springer},
}

@article{hussain2021waveguard,
  title={WaveGuard: Understanding and mitigating audio adversarial examples},
  author={Hussain, Shehzeen and Neekhara, Paarth and Dubnov, Shlomo and McAuley, Julian and Koushanfar, Farinaz},
  journal={arXiv preprint arXiv:2103.03344},
  year={2021}
}

@misc{vifa,
	title = {Ultrasonic Dynamic Speaker Vifa},
	author = {Avisoft Bioacoustics},
	year = 2017,
	howpublished = 
        {\url{http://www.avisoft.com/usg/vifa.htm}}
}

@misc{25kHz_ultra_transducer,
	title = {TCT25-16T 25 kHz Ultrasonic Transducer},
	author = {Tmall},
	year = 2023,
	howpublished = {\url{https://item.taobao.com/item.htm?spm=a230r.1.14.1.3e5969e6Wy38Kn&id=539957350166&ns=1&abbucket=12#detail}}
}

@inproceedings{ultrabd,
  author={Ze, Junning and Li, Xinfeng and Cheng, Yushi and Ji, Xiaoyu and Xu, Wenyuan},
  booktitle={2022 IEEE 28th International Conference on Parallel and Distributed Systems (ICPADS)}, 
  title={UltraBD: Backdoor Attack against Automatic Speaker Verification Systems via Adversarial Ultrasound}, 
  year={2023},
  pages={193-200},
  doi={10.1109/ICPADS56603.2022.00033}}


@inproceedings{farina2007advancements,
  title={Advancements in impulse response measurements by sine sweeps},
  author={Farina, Angelo},
  booktitle={Audio engineering society convention 122},
  year={2007},
  organization={Audio Engineering Society},
}

@inproceedings{farina2000simultaneous,
  title={Simultaneous measurement of impulse response and distortion with a swept-sine technique},
  author={Farina, Angelo},
  booktitle={Audio Engineering Society Convention 108},
  year={2000},
  organization={Audio Engineering Society},
}

@inproceedings{deng2022fencesitter,
  title={FenceSitter: Black-box, Content-Agnostic, and Synchronization-Free Enrollment-Phase Attacks on Speaker Recognition Systems},
  author={Deng, Jiangyi and Chen, Yanjiao and Xu, Wenyuan},
  booktitle={Proceedings of the 2022 ACM SIGSAC Conference on Computer and Communications Security},
  pages={755--767},
  year={2022},
}

@inproceedings{li2020advpulse,
  title={Advpulse: Universal, synchronization-free, and targeted audio adversarial attacks via subsecond perturbations},
  author={Li, Zhuohang and Wu, Yi and Liu, Jian and Chen, Yingying and Yuan, Bo},
  booktitle={Proceedings of the 2020 ACM SIGSAC Conference on Computer and Communications Security},
  pages={1121--1134},
  year={2020}
}

@inproceedings{schonherr2020imperio,
  title={Imperio: Robust over-the-air adversarial examples for automatic speech recognition systems},
  author={Sch{\"o}nherr, Lea and Eisenhofer, Thorsten and Zeiler, Steffen and Holz, Thorsten and Kolossa, Dorothea},
  booktitle={Annual Computer Security Applications Conference},
  pages={843--855},
  year={2020}
}

@inproceedings{jeub2009binaural,
  title={A binaural room impulse response database for the evaluation of dereverberation algorithms},
  author={Jeub, Marco and Schafer, Magnus and Vary, Peter},
  booktitle={2009 16th International Conference on Digital Signal Processing},
  pages={1--5},
  year={2009},
  organization={IEEE}
}

@article{kingma2014adam,
  title={Adam: A method for stochastic optimization},
  author={Kingma, Diederik P and Ba, Jimmy},
  journal={arXiv preprint arXiv:1412.6980},
  volume={1},
  year={2014}
}

@article{wierstra2014natural,
  title={Natural evolution strategies},
  author={Wierstra, Daan and Schaul, Tom and Glasmachers, Tobias and Sun, Yi and Peters, Jan and Schmidhuber, J{\"u}rgen},
  journal={The Journal of Machine Learning Research},
  volume={15},
  number={1},
  pages={949--980},
  year={2014},
  publisher={JMLR. org}
}

@inproceedings{li2023learning,
 author = {Li, Xinfeng and Ji, Xiaoyu and Yan, Chen and Li, Chaohao and Li, Yichen and Zhang, Zhenning and Xu, Wenyuan},
 booktitle = {Proceedings of the 32nd USENIX Security Symposium},
 title = {Learning Normality is Enough: A Software-based Mitigation against the Inaudible Voice Attacks},
 year = {2023}
}


@inproceedings{jan2019connecting,
  title={Connecting the digital and physical world: Improving the robustness of adversarial attacks},
  author={Jan, Steve TK and Messou, Joseph and Lin, Yen-Chen and Huang, Jia-Bin and Wang, Gang},
  booktitle={Proceedings of the AAAI Conference on Artificial Intelligence},
  volume={33},
  number={01},
  pages={962--969},
  year={2019}
}

@article{treeby2010k,
  title={k-Wave: MATLAB toolbox for the simulation and reconstruction of photoacoustic wave fields},
  author={Treeby, Bradley E and Cox, Benjamin T},
  journal={Journal of biomedical optics},
  volume={15},
  number={2},
  pages={021314},
  year={2010},
  publisher={SPIE}
}

@inproceedings{guo2022specpatch,
  title={SpecPatch: Human-in-the-Loop Adversarial Audio Spectrogram Patch Attack on Speech Recognition},
  author={Guo, Hanqing and Wang, Yuanda and Ivanov, Nikolay and Xiao, Li and Yan, Qiben},
  booktitle={Proceedings of the 2022 ACM SIGSAC Conference on Computer and Communications Security},
  pages={1353--1366},
  year={2022}
}

@article{hu2020dccrn,
  title={DCCRN: Deep complex convolution recurrent network for phase-aware speech enhancement},
  author={Hu, Yanxin and Liu, Yun and Lv, Shubo and Xing, Mengtao and Zhang, Shimin and Fu, Yihui and Wu, Jian and Zhang, Bihong and Xie, Lei},
  journal={arXiv preprint arXiv:2008.00264},
  year={2020}
}

@article{ribas2019deep,
	title={Deep speech enhancement for reverberated and noisy signals using wide residual networks},
	author={Ribas, Dayana and Llombart, Jorge and Miguel, Antonio and Vicente, Luis},
	journal={arXiv preprint arXiv:1901.00660},
	year={2019}
}

@inproceedings{li2021robust,
	title={Robust Detection of Machine-induced Audio Attacks in Intelligent Audio Systems with Microphone Array},
	author={Li, Zhuohang and Shi, Cong and Zhang, Tianfang and Xie, Yi and Liu, Jian and Yuan, Bo and Chen, Yingying},
	booktitle={Proceedings of the 2021 ACM SIGSAC Conference on Computer and Communications Security},
	pages={1884--1899},
	year={2021}
}

@inproceedings{abdullah2021sok,
	title={Sok: The faults in our asrs: An overview of attacks against automatic speech recognition and speaker identification systems},
	author={Abdullah, Hadi and Warren, Kevin and Bindschaedler, Vincent and Papernot, Nicolas and Traynor, Patrick},
	booktitle={2021 IEEE symposium on security and privacy (SP)},
	pages={730--747},
	year={2021},
	organization={IEEE}
}

@article{popham2018inharmonic,
	title={Inharmonic speech reveals the role of harmonicity in the cocktail party problem},
	author={Popham, Sara and Boebinger, Dana and Ellis, Dan PW and Kawahara, Hideki and McDermott, Josh H},
	journal={Nature communications},
	volume={9},
	number={1},
	pages={1--13},
	year={2018},
	publisher={Nature Publishing Group}
}

@article{french1947factors,
	title={Factors governing the intelligibility of speech sounds},
	author={French, Norman R and Steinberg, John C},
	journal={The journal of the Acoustical society of America},
	volume={19},
	number={1},
	pages={90--119},
	year={1947},
	publisher={Acoustical Society of America}
}

@inproceedings{moosavi2017universal,
  title={Universal adversarial perturbations},
  author={Moosavi-Dezfooli, Seyed-Mohsen and Fawzi, Alhussein and Fawzi, Omar and Frossard, Pascal},
  booktitle={Proceedings of the IEEE conference on computer vision and pattern recognition},
  pages={1765--1773},
  year={2017}
}

@article{vadillo2019universal,
  title={Universal adversarial examples in speech command classification},
  author={Vadillo, Jon and Santana, Roberto},
  journal={arXiv preprint arXiv:1911.10182},
  year={2019}
}

@article{brown2017adversarial,
  title={Adversarial patch},
  author={Brown, Tom B and Man{\'e}, Dandelion and Roy, Aurko and Abadi, Mart{\'\i}n and Gilmer, Justin},
  journal={arXiv preprint arXiv:1712.09665},
  year={2017}
}

@article{neekhara2019universal,
  title={Universal adversarial perturbations for speech recognition systems},
  author={Neekhara, Paarth and Hussain, Shehzeen and Pandey, Prakhar and Dubnov, Shlomo and McAuley, Julian and Koushanfar, Farinaz},
  journal={arXiv preprint arXiv:1905.03828},
  year={2019}
}

@misc{baiduss,
	title = {Baidu Text-to-Speech},
	author = {Baidu},
	year = 2021,
	howpublished = {\url{https://ai.baidu.com/tech/speech/tts_online}}
}

@misc{torch_codec,
	title = {Torchaudio Functional},
	author = {Facebook},
	year = 2022,
        howpublished = {\url{https://pytorch.org/audio/master/functional.html#torchaudio.functional.apply_codec}}
}

@misc{freesound,
  title = {freesound.org},
	author = {freesound},
	year = 2022,
	howpublished = {\url{https://freesound.org/}}
}


@misc{azureasr,
	title = {Azure Speech-to-Text},
	author = {Microsoft Azure},
	year = 2021,
	howpublished = {\url{https://azure.microsoft.com/en-us/services/cognitive-services/speech-to-text/}}
}

@misc{googleasr,
	title = {Google Cloud Speech-to-Text},
	author = {Google Speech},
	year = 2021,
	howpublished = {\url{https://cloud.google.com/speech-to-text/}}
}

@inproceedings{chen2021fakewake,
  title={FakeWake: Understanding and Mitigating Fake Wake-up Words of Voice Assistants},
  author={Chen, Yanjiao and Bai, Yijie and Mitev, Richard and Wang, Kaibo and Sadeghi, Ahmad-Reza and Xu, Wenyuan},
  booktitle={Proceedings of the 2021 ACM SIGSAC Conference on Computer and Communications Security},
  pages={1861--1883},
  year={2021}
}

@misc{tecentasr,
	title = {Tecent Speech-to-Text},
	author = {Tecent Cloud},
	year = 2021,
	howpublished = {\url{https://cloud.tencent.com/product/asr}}
}

@misc{xfasr,
	title = {Xunfei Speech-to-Text},
	author = {iFlytek Cloud},
	year = 2021,
	howpublished = {\url{https://global.xfyun.cn/products/lfasr}}
}

@misc{apple_noise,
	author = {Apple Inc.},
	title = {Adjust the audio settings on iPhone},
	howpublished = {Website},
	note = {\url{https://support.apple.com/en-is/guide/iphone/iph3e2e2cdc/ios}}
}

@inproceedings{yan2020surfingattack,
	title={Surfingattack: Interactive hidden attack on voice assistants using ultrasonic guided waves},
	author={Yan, Qiben and Liu, Kehai and Zhou, Qin and Guo, Hanqing and Zhang, Ning},
	booktitle={Proceedings of the Network and Distributed Systems Security (NDSS) Symposium},
	year={2020}
}

@inproceedings{sugawara2020light,
	title={Light commands: laser-based audio injection attacks on voice-controllable systems},
	author={Sugawara, Takeshi and Cyr, Benjamin and Rampazzi, Sara and Genkin, Daniel and Fu, Kevin},
	booktitle={Proceedings of the 29th USENIX Security Symposium (USENIX Security 20)},
	pages={2631--2648},
	year={2020}
}

@misc{siri_coprocessor,
	title = {Hey Siri: An On-device DNN-powered Voice Trigger for Apple’s Personal Assistant},
	author = {Siri Team, Apple Inc.},
	year = 2017,
	howpublished = {\url{https://machinelearning.apple.com/research/hey-siri}}
}

@article{kasmi2015iemi,
	title={IEMI threats for information security: Remote command injection on modern smartphones},
	author={Kasmi, Chaouki and Esteves, Jose Lopes},
	journal={IEEE Transactions on Electromagnetic Compatibility},
	volume={57},
	number={6},
	pages={1752--1755},
	year={2015},
	publisher={IEEE}
}

@misc{respeaker,
  author       = {Seeed Studio},
  howpublished = {\url{https://wiki.seeedstudio.com/ReSpeaker_Mic_Array_v2.0/}},
  title        = {ReSpeaker Mic Array v2.0},
  year         = {2021}
}

@inproceedings{berndt1994using,
  title={Using dynamic time warping to find patterns in time series.},
  author={Berndt, Donald J and Clifford, James},
  booktitle={KDD workshop},
  volume={10},
  number={16},
  pages={359--370},
  year={1994},
  organization={Seattle, WA, USA:}
}

@article{baum1966statistical,
  title={Statistical inference for probabilistic functions of finite state Markov chains},
  author={Baum, Leonard E and Petrie, Ted},
  journal={The annals of mathematical statistics},
  volume={37},
  number={6},
  pages={1554--1563},
  year={1966},
  publisher={JSTOR}
}

@article{graves2012sequence,
  title={Sequence transduction with recurrent neural networks},
  author={Graves, Alex},
  journal={arXiv preprint arXiv:1211.3711},
  year={2012}
}

@inproceedings{panayotov2015librispeech,
	title={Librispeech: an asr corpus based on public domain audio books},
	author={Panayotov, Vassil and Chen, Guoguo and Povey, Daniel and Khudanpur, Sanjeev},
	booktitle={Proceedings of the 2015 IEEE international conference on acoustics, speech and signal processing (ICASSP)},
	pages={5206--5210},
	year={2015},
	organization={IEEE}
}

@inproceedings{aishell_2017,
	title={AIShell-1: An Open-Source Mandarin Speech Corpus and A Speech Recognition Baseline},
	author={Hui Bu, Jiayu Du, Xingyu Na, Bengu Wu, Hao Zheng},
	booktitle={Proceedings of the Oriental COCOSDA 2017},
	pages={Submitted},
	year={2017}
}

@misc{speechbrain,
	title={{SpeechBrain}: A General-Purpose Speech Toolkit},
	author={Mirco Ravanelli and Titouan Parcollet and Peter Plantinga and Aku Rouhe and Samuele Cornell and Loren Lugosch and Cem Subakan and Nauman Dawalatabad and Abdelwahab Heba and Jianyuan Zhong and Ju-Chieh Chou and Sung-Lin Yeh and Szu-Wei Fu and Chien-Feng Liao and Elena Rastorgueva and François Grondin and William Aris and Hwidong Na and Yan Gao and Renato De Mori and Yoshua Bengio},
	year={2021},
	eprint={2106.04624},
	archivePrefix={arXiv},
	primaryClass={eess.AS},
	note={arXiv:2106.04624}
}

@article{friedman2001greedy,
	title={Greedy function approximation: a gradient boosting machine},
	author={Friedman, Jerome H},
	journal={Annals of statistics},
	pages={1189--1232},
	year={2001},
	publisher={JSTOR}
}

@inproceedings{roy2017backdoor,
	title={Backdoor: Making microphones hear inaudible sounds},
	author={Roy, Nirupam and Hassanieh, Haitham and Roy Choudhury},
	booktitle={Proceedings of the 15th Annual International Conference on Mobile Systems, Applications, and Services},
	pages={2--14},
	year={2017}
}

@article{xu2021inaudible,
	title={Inaudible Attack on Smart Speakers With Intentional Electromagnetic Interference},
	author={Xu, Zhifei and Hua, Runbing and Juang, Jack and Xia, Shengxuan and Fan, Jun and Hwang, Chulsoon},
	journal={IEEE Transactions on Microwave Theory and Techniques},
	volume={69},
	number={5},
	pages={2642--2650},
	year={2021},
	publisher={IEEE}
}

@inproceedings{ji2022capspeaker,
	title={CapSpeaker: Injecting Voices to Microphones via Capacitors},
	author={Ji, Xiaoyu and Zhang, Juchuan and Jiang, Shui and Li, Jishen and Xu, Wenyuan},
	booktitle={Proceedings of the 2021 ACM SIGSAC Conference on Computer and Communications Security},
	year={2021}
}

@inproceedings{iijima2018audio,
  title={Audio hotspot attack: An attack on voice assistance systems using directional sound beams},
  author={Iijima, Ryo and Minami, Shota and Yunao, Zhou and Takehisa, Tatsuya and Takahashi, Takeshi and Oikawa, Yasuhiro and Mori, Tatsuya},
  booktitle={Proceedings of the 2018 ACM SIGSAC Conference on Computer and Communications Security},
  pages={2222--2224},
  year={2018}
}

@inproceedings{petracca2015audroid,
  title={Audroid: Preventing attacks on audio channels in mobile devices},
  author={Petracca, Giuseppe and Sun, Yuqiong and Jaeger, Trent and Atamli, Ahmad},
  booktitle={Proceedings of the 31st Annual Computer Security Applications Conference},
  pages={181--190},
  year={2015}
}

@inproceedings{wang2022ghosttalk,
  title={GhostTalk: Interactive Attack on Smartphone Voice System Through Power Line},
  author={Wang, Yuanda and Guo, Hanqing and Yan, Qiben},
  booktitle={Network and Distributed Systems Security (NDSS) Symposium},
  year={2022}
}

@article{manocha2020differentiable,
	title={A differentiable perceptual audio metric learned from just noticeable differences},
	author={Manocha, Pranay and Finkelstein, Adam and Zhang, Richard and Bryan, Nicholas J and Mysore, Gautham J and Jin, Zeyu},
	journal={arXiv preprint arXiv:2001.04460},
	year={2020}
}

@inproceedings{lu2007physiological,
	title={Physiological feature extraction for text independent speaker identification using non-uniform subband processing},
	author={Lu, Xugang and Dang, Jianwu},
	booktitle={Proceedings of the 2007 IEEE International Conference on Acoustics, Speech and Signal Processing-ICASSP'07},
	volume={4},
	pages={IV--461},
	year={2007},
	organization={IEEE}
}

@inproceedings{roy2018inaudible,
	title={Inaudible voice commands: The long-range attack and defense},
	author={Roy, Nirupam and Shen, Sheng and Hassanieh, Haitham and Choudhury, Romit Roy},
	booktitle={Proceedings of the 15th USENIX Symposium on Networked Systems Design and Implementation (NSDI 18)},
	pages={547--560},
	year={2018}
}

@article{yan2019feasibility,
	title={The feasibility of injecting inaudible voice commands to voice assistants},
	author={Yan, Chen and Zhang, Guoming and Ji, Xiaoyu and Zhang, Tianchen and Zhang, Taimin and Xu, Wenyuan},
	journal={IEEE Transactions on Dependable and Secure Computing},
	year={2019},
	publisher={IEEE}
}

@inproceedings{song2017poster,
	title={POSTER: Inaudible voice commands},
	author={Song, Liwei and Mittal, Prateek},
	booktitle={Proceedings of the 2017 ACM SIGSAC Conference on Computer and Communications Security},
	pages={2583--2585},
	year={2017}
}

@inproceedings{zhang2017dolphinattack,
	title={Dolphinattack: Inaudible voice commands},
	author={Zhang, Guoming and Yan, Chen and Ji, Xiaoyu and Zhang, Tianchen and Zhang, Taimin and Xu, Wenyuan},
	booktitle={Proceedings of the 2017 ACM SIGSAC Conference on Computer and Communications Security},
	pages={103--117},
	year={2017}
}

@inproceedings{he2019canceling,
	title={Canceling inaudible voice commands against voice control systems},
	author={He, Yitao and Bian, Junyu and Tong, Xinyu and Qian, Zihui and Zhu, Wei and Tian, Xiaohua and Wang, Xinbing},
	booktitle={Proceedings of the 25th Annual International Conference on Mobile Computing and Networking},
	pages={1--15},
	year={2019}
}

@inproceedings{zhang2021eararray,
	title={EarArray: Defending against DolphinAttack via Acoustic Attenuation},
	author={Zhang, Guoming and Ji, Xiaoyu and Li, Xinfeng and Qu, Gang and Xu, Wenyuan},	
	booktitle={Proceedings of the 15th Annual International Conference on Mobile Systems, Applications, and Services},
	year={2021}
}
