@InProceedings{C2,
  author = 	 "Jones, C.D. and Smith, A.B. and Roberts, E.F.",
  title =        "Article Title",
  booktitle =        "Proceedings Title",
  organization = "IEEE",
  year = 	 "2003",
  volume = 	 "II",
  pages = 	 "803-806"
}


%% Created for Prasanta Ghosh on -01-20

@article{Davis80-COP,
	Author = {Steven B. Davis and Paul Mermelstein},
	Journal = {IEEE Transactions on Acoustics, Speech and Signal Processing},
	Number = {4},
	Pages = {357--366},
	Title = {Comparison of Parametric Representation for Monosyllabic Word Recognition in Continuously Spoken Sentences},
	Volume = {28},
  Month = aug,
	Year = {1980}}
	
@article{sotelo2017char2wav,
  title={Char2wav: End-to-end speech synthesis},
  author={Sotelo, Jose and Mehri, Soroush and Kumar, Kundan and Santos, Joao Felipe and Kastner, Kyle and Courville, Aaron and Bengio, Yoshua},
  year={2017}
}


@article{wang2017tacotron,
  title={Tacotron: Towards end-to-end speech synthesis},
  author={Wang, Yuxuan and Skerry-Ryan, RJ and Stanton, Daisy and Wu, Yonghui and Weiss, Ron J and Jaitly, Navdeep and Yang, Zongheng and Xiao, Ying and Chen, Zhifeng and Bengio, Samy and others},
  journal={arXiv preprint arXiv:1703.10135},
  year={2017}
}

@inproceedings{arik2017deep,
  title={Deep voice: Real-time neural text-to-speech},
  author={Ar{\i}k, Sercan {\"O} and Chrzanowski, Mike and Coates, Adam and Diamos, Gregory and Gibiansky, Andrew and Kang, Yongguo and Li, Xian and Miller, John and Ng, Andrew and Raiman, Jonathan and others},
  booktitle={International Conference on Machine Learning},
  pages={195--204},
  year={2017},
  organization={PMLR}
}

@inproceedings{tachibana2018efficiently,
  title={Efficiently trainable text-to-speech system based on deep convolutional networks with guided attention},
  author={Tachibana, Hideyuki and Uenoyama, Katsuya and Aihara, Shunsuke},
  booktitle={2018 IEEE International Conference on Acoustics, Speech and Signal Processing (ICASSP)},
  pages={4784--4788},
  year={2018},
  organization={IEEE}
}

@inproceedings{shen2018natural,
  title={Natural tts synthesis by conditioning wavenet on mel spectrogram predictions},
  author={Shen, Jonathan and Pang, Ruoming and Weiss, Ron J and Schuster, Mike and Jaitly, Navdeep and Yang, Zongheng and Chen, Zhifeng and Zhang, Yu and Wang, Yuxuan and Skerrv-Ryan, Rj and others},
  booktitle={2018 IEEE international conference on acoustics, speech and signal processing (ICASSP)},
  pages={4779--4783},
  year={2018},
  organization={IEEE}
}

@inproceedings{li2019neural,
  title={Neural speech synthesis with transformer network},
  author={Li, Naihan and Liu, Shujie and Liu, Yanqing and Zhao, Sheng and Liu, Ming},
  booktitle={Proceedings of the AAAI Conference on Artificial Intelligence},
  volume={33},
  number={01},
  pages={6706--6713},
  year={2019}
}

@article{ren2019fastspeech,
  title={Fastspeech: Fast, robust and controllable text to speech},
  author={Ren, Yi and Ruan, Yangjun and Tan, Xu and Qin, Tao and Zhao, Sheng and Zhao, Zhou and Liu, Tie-Yan},
  journal={Advances in Neural Information Processing Systems},
  volume={32},
  year={2019}
}

@inproceedings{zeng2020aligntts,
  title={Aligntts: Efficient feed-forward text-to-speech system without explicit alignment},
  author={Zeng, Zhen and Wang, Jianzong and Cheng, Ning and Xia, Tian and Xiao, Jing},
  booktitle={ICASSP 2020-2020 IEEE international conference on acoustics, speech and signal processing (ICASSP)},
  pages={6714--6718},
  year={2020},
  organization={IEEE}
}

@inproceedings{peng2020non,
  title={Non-autoregressive neural text-to-speech},
  author={Peng, Kainan and Ping, Wei and Song, Zhao and Zhao, Kexin},
  booktitle={International conference on machine learning},
  pages={7586--7598},
  year={2020},
  organization={PMLR}
}

@article{kim2020glow,
  title={Glow-tts: A generative flow for text-to-speech via monotonic alignment search},
  author={Kim, Jaehyeon and Kim, Sungwon and Kong, Jungil and Yoon, Sungroh},
  journal={Advances in Neural Information Processing Systems},
  volume={33},
  pages={8067--8077},
  year={2020}
}

@inproceedings{elias2021parallel,
  title={Parallel tacotron: Non-autoregressive and controllable tts},
  author={Elias, Isaac and Zen, Heiga and Shen, Jonathan and Zhang, Yu and Jia, Ye and Weiss, Ron J and Wu, Yonghui},
  booktitle={ICASSP 2021-2021 IEEE International Conference on Acoustics, Speech and Signal Processing (ICASSP)},
  pages={5709--5713},
  year={2021},
  organization={IEEE}
}

@article{liu2021vara,
  title={Vara-tts: Non-autoregressive text-to-speech synthesis based on very deep vae with residual attention},
  author={Liu, Peng and Cao, Yuewen and Liu, Songxiang and Hu, Na and Li, Guangzhi and Weng, Chao and Su, Dan},
  journal={arXiv preprint arXiv:2102.06431},
  year={2021}
}

% supersied
@inproceedings{li2021controllable,
  title={Controllable emotion transfer for end-to-end speech synthesis},
  author={Li, Tao and Yang, Shan and Xue, Liumeng and Xie, Lei},
  booktitle={2021 12th International Symposium on Chinese Spoken Language Processing (ISCSLP)},
  pages={1--5},
  year={2021},
  organization={IEEE}
}

@article{kang2021unitts,
  title={UniTTS: Residual Learning of Unified Embedding Space for Speech Style Control},
  author={Kang, Minsu and Kim, Sungjae and Kim, Injung},
  journal={arXiv preprint arXiv:2106.11171},
  year={2021}
}

@article{whitehill2019multi,
  title={Multi-reference neural tts stylization with adversarial cycle consistency},
  author={Whitehill, Matt and Ma, Shuang and McDuff, Daniel and Song, Yale},
  journal={arXiv preprint arXiv:1910.11958},
  year={2019}
}

@article{pan2021cross,
  title={Cross-speaker style transfer with prosody bottleneck in neural speech synthesis},
  author={Pan, Shifeng and He, Lei},
  journal={arXiv preprint arXiv:2107.12562},
  year={2021}
}


% semi supervised
@article{hsu2018hierarchical,
  title={Hierarchical generative modeling for controllable speech synthesis},
  author={Hsu, Wei-Ning and Zhang, Yu and Weiss, Ron J and Zen, Heiga and Wu, Yonghui and Wang, Yuxuan and Cao, Yuan and Jia, Ye and Chen, Zhifeng and Shen, Jonathan and others},
  journal={arXiv preprint arXiv:1810.07217},
  year={2018}
}

@article{wu2021cross,
  title={Cross-speaker Emotion Transfer Based on Speaker Condition Layer Normalization and Semi-Supervised Training in Text-To-Speech},
  author={Wu, Pengfei and Pan, Junjie and Xu, Chenchang and Zhang, Junhui and Wu, Lin and Yin, Xiang and Ma, Zejun},
  journal={arXiv preprint arXiv:2110.04153},
  year={2021}
}

@article{habib2019semi,
  title={Semi-supervised generative modeling for controllable speech synthesis},
  author={Habib, Raza and Mariooryad, Soroosh and Shannon, Matt and Battenberg, Eric and Skerry-Ryan, RJ and Stanton, Daisy and Kao, David and Bagby, Tom},
  journal={arXiv preprint arXiv:1910.01709},
  year={2019}
}


% unsupervised
@inproceedings{skerry2018towards,
  title={Towards end-to-end prosody transfer for expressive speech synthesis with tacotron},
  author={Skerry-Ryan, RJ and Battenberg, Eric and Xiao, Ying and Wang, Yuxuan and Stanton, Daisy and Shor, Joel and Weiss, Ron and Clark, Rob and Saurous, Rif A},
  booktitle={international conference on machine learning},
  pages={4693--4702},
  year={2018},
  organization={PMLR}
}

@inproceedings{wang2018style,
  title={Style tokens: Unsupervised style modeling, control and transfer in end-to-end speech synthesis},
  author={Wang, Yuxuan and Stanton, Daisy and Zhang, Yu and Ryan, RJ-Skerry and Battenberg, Eric and Shor, Joel and Xiao, Ying and Jia, Ye and Ren, Fei and Saurous, Rif A},
  booktitle={International Conference on Machine Learning},
  pages={5180--5189},
  year={2018},
  organization={PMLR}
}

@inproceedings{zhang2019learning,
  title={Learning latent representations for style control and transfer in end-to-end speech synthesis},
  author={Zhang, Ya-Jie and Pan, Shifeng and He, Lei and Ling, Zhen-Hua},
  booktitle={ICASSP 2019-2019 IEEE International Conference on Acoustics, Speech and Signal Processing (ICASSP)},
  pages={6945--6949},
  year={2019},
  organization={IEEE}
}

@article{lee2021styler,
  title={STYLER: Style Factor Modeling with Rapidity and Robustness via Speech Decomposition for Expressive and Controllable Neural Text to Speech},
  author={Lee, Keon and Park, Kyumin and Kim, Daeyoung},
  journal={arXiv preprint arXiv:2103.09474},
  year={2021}
}

@article{hsu2018hierarchical,
  title={Hierarchical generative modeling for controllable speech synthesis},
  author={Hsu, Wei-Ning and Zhang, Yu and Weiss, Ron J and Zen, Heiga and Wu, Yonghui and Wang, Yuxuan and Cao, Yuan and Jia, Ye and Chen, Zhifeng and Shen, Jonathan and others},
  journal={arXiv preprint arXiv:1810.07217},
  year={2018}
}
% VAE
@article{kingma2013auto,
  title={Auto-encoding variational bayes},
  author={Kingma, Diederik P and Welling, Max},
  journal={arXiv preprint arXiv:1312.6114},
  year={2013}
}

@article{kenter2020improving,
  title={Improving prosody of RNN-based english text-to-speech synthesis by incorporating a BERT model},
  author={Kenter, Tom and Sharma, Manish Kumar and Clark, Rob},
  year={2020}
}

@inproceedings{kenter2019chive,
  title={CHiVE: Varying prosody in speech synthesis with a linguistically driven dynamic hierarchical conditional variational network},
  author={Kenter, Tom and Wan, Vincent and Chan, Chun-An and Clark, Rob and Vit, Jakub},
  booktitle={International Conference on Machine Learning},
  pages={3331--3340},
  year={2019},
  organization={PMLR}
}

@inproceedings{sun2020generating,
  title={Generating diverse and natural text-to-speech samples using a quantized fine-grained VAE and autoregressive prosody prior},
  author={Sun, Guangzhi and Zhang, Yu and Weiss, Ron J and Cao, Yuan and Zen, Heiga and Rosenberg, Andrew and Ramabhadran, Bhuvana and Wu, Yonghui},
  booktitle={ICASSP 2020-2020 IEEE International Conference on Acoustics, Speech and Signal Processing (ICASSP)},
  pages={6699--6703},
  year={2020},
  organization={IEEE}
}

@inproceedings{zhang2021denoispeech,
  title={Denoispeech: Denoising text to speech with frame-level noise modeling},
  author={Zhang, Chen and Ren, Yi and Tan, Xu and Liu, Jinglin and Zhang, Kejun and Qin, Tao and Zhao, Sheng and Liu, Tie-Yan},
  booktitle={ICASSP 2021-2021 IEEE International Conference on Acoustics, Speech and Signal Processing (ICASSP)},
  pages={7063--7067},
  year={2021},
  organization={IEEE}
}


@article{ganin2016domain,
  title={Domain-adversarial training of neural networks},
  author={Ganin, Yaroslav and Ustinova, Evgeniya and Ajakan, Hana and Germain, Pascal and Larochelle, Hugo and Laviolette, Fran{\c{c}}ois and Marchand, Mario and Lempitsky, Victor},
  journal={The journal of machine learning research},
  volume={17},
  number={1},
  pages={2096--2030},
  year={2016},
  publisher={JMLR. org}
}

@inproceedings{hu2018squeeze,
  title={Squeeze-and-excitation networks},
  author={Hu, Jie and Shen, Li and Sun, Gang},
  booktitle={Proceedings of the IEEE conference on computer vision and pattern recognition},
  pages={7132--7141},
  year={2018}
}

@article{van2017neural,
  title={Neural discrete representation learning},
  author={Van Den Oord, Aaron and Vinyals, Oriol and others},
  journal={Advances in neural information processing systems},
  volume={30},
  year={2017}
}

@inproceedings{ma2018neural,
  title={Neural TTS stylization with adversarial and collaborative games},
  author={Ma, Shuang and Mcduff, Daniel and Song, Yale},
  booktitle={International Conference on Learning Representations},
  year={2018}
}

@inproceedings{zhou2021seen,
  title={Seen and unseen emotional style transfer for voice conversion with a new emotional speech dataset},
  author={Zhou, Kun and Sisman, Berrak and Liu, Rui and Li, Haizhou},
  booktitle={ICASSP 2021-2021 IEEE International Conference on Acoustics, Speech and Signal Processing (ICASSP)},
  pages={920--924},
  year={2021},
  organization={IEEE}
}

@article{van2008visualizing,
  title={Visualizing data using t-SNE.},
  author={Van der Maaten, Laurens and Hinton, Geoffrey},
  journal={Journal of machine learning research},
  volume={9},
  number={11},
  year={2008}
}

@article{bian2019multi,
  title={Multi-reference tacotron by intercross training for style disentangling, transfer and control in speech synthesis},
  author={Bian, Yanyao and Chen, Changbin and Kang, Yongguo and Pan, Zhenglin},
  journal={arXiv preprint arXiv:1904.02373},
  year={2019}
}

@inproceedings{sorin2020principal,
  title={Principal Style Components: Expressive Style Control and Cross-Speaker Transfer in Neural TTS.},
  author={Sorin, Alexander and Shechtman, Slava and Hoory, Ron},
  booktitle={INTERSPEECH},
  pages={3411--3415},
  year={2020}
}

@article{xue2021cycle,
  title={Cycle consistent network for end-to-end style transfer TTS training},
  author={Xue, Liumeng and Pan, Shifeng and He, Lei and Xie, Lei and Soong, Frank K},
  journal={Neural Networks},
  volume={140},
  pages={223--236},
  year={2021},
  publisher={Elsevier}
}

@article{an2021improving,
  title={Improving performance of seen and unseen speech style transfer in end-to-end neural TTS},
  author={An, Xiaochun and Soong, Frank K and Xie, Lei},
  journal={arXiv preprint arXiv:2106.10003},
  year={2021}
}

@inproceedings{kulkarni2021improving,
  title={Improving transfer of expressivity for end-to-end multispeaker text-to-speech synthesis},
  author={Kulkarni, Ajinkya and Colotte, Vincent and Jouvet, Denis},
  booktitle={2021 29th European Signal Processing Conference (EUSIPCO)},
  pages={31--35},
  year={2021},
  organization={IEEE}
}

@article{joo2020effective,
  title={Effective Emotion Transplantation in an End-to-End Text-to-Speech System},
  author={Joo, Young-Sun and Bae, Hanbin and Kim, Young-Ik and Cho, Hoon-Young and Kang, Hong-Goo},
  journal={IEEE Access},
  volume={8},
  pages={161713--161719},
  year={2020},
  publisher={IEEE}
}

@article{karlapati2020copycat,
  title={Copycat: Many-to-many fine-grained prosody transfer for neural text-to-speech},
  author={Karlapati, Sri and Moinet, Alexis and Joly, Arnaud and Klimkov, Viacheslav and S{\'a}ez-Trigueros, Daniel and Drugman, Thomas},
  journal={arXiv preprint arXiv:2004.14617},
  year={2020}
}

@inproceedings{nachmani2018fitting,
  title={Fitting new speakers based on a short untranscribed sample},
  author={Nachmani, Eliya and Polyak, Adam and Taigman, Yaniv and Wolf, Lior},
  booktitle={International Conference on Machine Learning},
  pages={3683--3691},
  year={2018},
  organization={PMLR}
}

@article{xie2021multi,
  title={Multi-speaker Multi-style Text-to-speech Synthesis With Single-speaker Single-style Training Data Scenarios},
  author={Xie, Qicong and Li, Tao and Wang, Xinsheng and Wang, Zhichao and Xie, Lei and Yu, Guoqiao and Wan, Guanglu},
  journal={arXiv preprint arXiv:2112.12743},
  year={2021}
}

@inproceedings{yi2022prosodyspeech,
  title={Prosodyspeech: Towards Advanced Prosody Model for Neural Text-to-Speech},
  author={Yi, Yuanhao and He, Lei and Pan, Shifeng and Wang, Xi and Xiao, Yujia},
  booktitle={ICASSP 2022-2022 IEEE International Conference on Acoustics, Speech and Signal Processing (ICASSP)},
  pages={7582--7586},
  year={2022},
  organization={IEEE}
}

@inproceedings{chen2022fine,
  title={Fine-grained style control in Transformer-based Text-to-speech Synthesis},
  author={Chen, Li-Wei and Rudnicky, Alexander},
  booktitle={ICASSP 2022-2022 IEEE International Conference on Acoustics, Speech and Signal Processing (ICASSP)},
  pages={7907--7911},
  year={2022},
  organization={IEEE}
}


@inproceedings{li2022unet,
  title={UNET-TTS: Improving Unseen Speaker and Style Transfer in One-Shot Voice Cloning},
  author={Li, Rui and Pu, Dong and Huang, Minnie and Huang, Bill},
  booktitle={ICASSP 2022-2022 IEEE International Conference on Acoustics, Speech and Signal Processing (ICASSP)},
  pages={8327--8331},
  year={2022},
  organization={IEEE}
}

@article{li2022cross,
  title={Cross-Speaker Emotion Disentangling and Transfer for End-to-End Speech Synthesis},
  author={Li, Tao and Wang, Xinsheng and Xie, Qicong and Wang, Zhichao and Xie, Lei},
  journal={IEEE/ACM Transactions on Audio, Speech, and Language Processing},
  volume={30},
  pages={1448--1460},
  year={2022},
  publisher={IEEE}
}
@article{kong2020diffwave,
  title={Diffwave: A versatile diffusion model for audio synthesis},
  author={Kong, Zhifeng and Ping, Wei and Huang, Jiaji and Zhao, Kexin and Catanzaro, Bryan},
  journal={arXiv preprint arXiv:2009.09761},
  year={2020}
}

@inproceedings{valin2019lpcnet,
  title={LPCNet: Improving neural speech synthesis through linear prediction},
  author={Valin, Jean-Marc and Skoglund, Jan},
  booktitle={ICASSP 2019-2019 IEEE International Conference on Acoustics, Speech and Signal Processing (ICASSP)},
  pages={5891--5895},
  year={2019},
  organization={IEEE}
}

@INPROCEEDINGS{qiang2022style,
  author={Qiang, Chunyu and Yang, Peng and Che, Hao and Wang, Xiaorui and Wang, Zhongyuan},
  booktitle={2022 13th International Symposium on Chinese Spoken Language Processing (ISCSLP)},
  title={Style-Label-Free: Cross-Speaker Style Transfer by Quantized VAE and Speaker-wise Normalization in Speech Synthesis}, 
  year={2022},
  volume={},
  number={},
  pages={61-65},
  doi={10.1109/ISCSLP57327.2022.10038135}}

@article{ho2020denoising,
  title={Denoising diffusion probabilistic models},
  author={Ho, Jonathan and Jain, Ajay and Abbeel, Pieter},
  journal={Advances in neural information processing systems},
  volume={33},
  pages={6840--6851},
  year={2020}
}

@inproceedings{qiang2022back,
  title={Back-Translation-Style Data Augmentation for Mandarin Chinese Polyphone Disambiguation},
  author={Qiang, Chunyu and Yang, Peng and Che, Hao and Xiao, Jinba and Wang, Xiaorui and Wang, Zhongyuan},
  booktitle={2022 Asia-Pacific Signal and Information Processing Association Annual Summit and Conference (APSIPA ASC)},
  pages={1915--1919},
  year={2022},
  organization={IEEE}
}

@inproceedings{qiang2023improving,
  title={Improving Prosody for Cross-Speaker Style Transfer by Semi-Supervised Style Extractor and Hierarchical Modeling in Speech Synthesis},
  author={Qiang, Chunyu and Yang, Peng and Che, Hao and Zhang, Ying and Wang, Xiaorui and Wang, Zhongyuan},
  booktitle={ICASSP 2023-2023 IEEE International Conference on Acoustics, Speech and Signal Processing (ICASSP)},
  pages={1--5},
  year={2023},
  organization={IEEE}
}


@article{tan2021survey,
  title={A survey on neural speech synthesis},
  author={Tan, Xu and Qin, Tao and Soong, Frank and Liu, Tie-Yan},
  journal={arXiv preprint arXiv:2106.15561},
  year={2021}
}



@inproceedings{shen2018natural,
  title={Natural tts synthesis by conditioning wavenet on mel spectrogram predictions},
  author={Shen, Jonathan and Pang, Ruoming and Weiss, Ron J and Schuster, Mike and Jaitly, Navdeep and Yang, Zongheng and Chen, Zhifeng and Zhang, Yu and Wang, Yuxuan and Skerrv-Ryan, Rj and others},
  booktitle={2018 IEEE international conference on acoustics, speech and signal processing (ICASSP)},
  pages={4779--4783},
  year={2018},
  organization={IEEE}
}

@inproceedings{popov2021grad,
  title={Grad-tts: A diffusion probabilistic model for text-to-speech},
  author={Popov, Vadim and Vovk, Ivan and Gogoryan, Vladimir and Sadekova, Tasnima and Kudinov, Mikhail},
  booktitle={International Conference on Machine Learning},
  pages={8599--8608},
  year={2021},
  organization={PMLR}
}

@inproceedings{kim2022guided,
  title={Guided-tts: A diffusion model for text-to-speech via classifier guidance},
  author={Kim, Heeseung and Kim, Sungwon and Yoon, Sungroh},
  booktitle={International Conference on Machine Learning},
  pages={11119--11133},
  year={2022},
  organization={PMLR}
}

@inproceedings{kim2021conditional,
  title={Conditional variational autoencoder with adversarial learning for end-to-end text-to-speech},
  author={Kim, Jaehyeon and Kong, Jungil and Son, Juhee},
  booktitle={International Conference on Machine Learning},
  pages={5530--5540},
  year={2021},
  organization={PMLR}
}







@inproceedings{zhang2021denoispeech,
  title={Denoispeech: Denoising text to speech with frame-level noise modeling},
  author={Zhang, Chen and Ren, Yi and Tan, Xu and Liu, Jinglin and Zhang, Kejun and Qin, Tao and Zhao, Sheng and Liu, Tie-Yan},
  booktitle={ICASSP 2021-2021 IEEE International Conference on Acoustics, Speech and Signal Processing (ICASSP)},
  pages={7063--7067},
  year={2021},
  organization={IEEE}
}

@article{chen2021adaspeech,
  title={Adaspeech: Adaptive text to speech for custom voice},
  author={Chen, Mingjian and Tan, Xu and Li, Bohan and Liu, Yanqing and Qin, Tao and Zhao, Sheng and Liu, Tie-Yan},
  journal={arXiv preprint arXiv:2103.00993},
  year={2021}
}

@inproceedings{casanova2022yourtts,
  title={Yourtts: Towards zero-shot multi-speaker tts and zero-shot voice conversion for everyone},
  author={Casanova, Edresson and Weber, Julian and Shulby, Christopher D and Junior, Arnaldo Candido and G{\"o}lge, Eren and Ponti, Moacir A},
  booktitle={International Conference on Machine Learning},
  pages={2709--2720},
  year={2022},
  organization={PMLR}
}

@inproceedings{wang2018style,
  title={Style tokens: Unsupervised style modeling, control and transfer in end-to-end speech synthesis},
  author={Wang, Yuxuan and Stanton, Daisy and Zhang, Yu and Ryan, RJ-Skerry and Battenberg, Eric and Shor, Joel and Xiao, Ying and Jia, Ye and Ren, Fei and Saurous, Rif A},
  booktitle={International Conference on Machine Learning},
  pages={5180--5189},
  year={2018},
  organization={PMLR}
}

@article{huang2022generspeech,
  title={GenerSpeech: Towards Style Transfer for Generalizable Out-Of-Domain Text-to-Speech Synthesis},
  author={Huang, Rongjie and Ren, Yi and Liu, Jinglin and Cui, Chenye and Zhao, Zhou},
  journal={arXiv preprint arXiv:2205.07211},
  year={2022}
}



@article{wang2023neural,
  title={Neural Codec Language Models are Zero-Shot Text to Speech Synthesizers},
  author={Wang, Chengyi and Chen, Sanyuan and Wu, Yu and Zhang, Ziqiang and Zhou, Long and Liu, Shujie and Chen, Zhuo and Liu, Yanqing and Wang, Huaming and Li, Jinyu and others},
  journal={arXiv preprint arXiv:2301.02111},
  year={2023}
}

@article{kharitonov2023speak,
  title={Speak, Read and Prompt: High-Fidelity Text-to-Speech with Minimal Supervision},
  author={Kharitonov, Eugene and Vincent, Damien and Borsos, Zal{\'a}n and Marinier, Rapha{\"e}l and Girgin, Sertan and Pietquin, Olivier and Sharifi, Matt and Tagliasacchi, Marco and Zeghidour, Neil},
  journal={arXiv preprint arXiv:2302.03540},
  year={2023}
}

@article{xue2023foundationtts,
  title={FoundationTTS: Text-to-Speech for ASR Custmization with Generative Language Model},
  author={Xue, Ruiqing and Liu, Yanqing and He, Lei and Tan, Xu and Liu, Linquan and Lin, Edward and Zhao, Sheng},
  journal={arXiv preprint arXiv:2303.02939},
  year={2023}
}

@article{chen2018sample,
  title={Sample efficient adaptive text-to-speech},
  author={Chen, Yutian and Assael, Yannis and Shillingford, Brendan and Budden, David and Reed, Scott and Zen, Heiga and Wang, Quan and Cobo, Luis C and Trask, Andrew and Laurie, Ben and others},
  journal={arXiv preprint arXiv:1809.10460},
  year={2018}
}

@article{devlin2018bert,
  title={Bert: Pre-training of deep bidirectional transformers for language understanding},
  author={Devlin, Jacob and Chang, Ming-Wei and Lee, Kenton and Toutanova, Kristina},
  journal={arXiv preprint arXiv:1810.04805},
  year={2018}
}

@article{brown2020language,
  title={Language models are few-shot learners},
  author={Brown, Tom and Mann, Benjamin and Ryder, Nick and Subbiah, Melanie and Kaplan, Jared D and Dhariwal, Prafulla and Neelakantan, Arvind and Shyam, Pranav and Sastry, Girish and Askell, Amanda and others},
  journal={Advances in neural information processing systems},
  volume={33},
  pages={1877--1901},
  year={2020}
}

@article{ouyang2022training,
  title={Training language models to follow instructions with human feedback},
  author={Ouyang, Long and Wu, Jeffrey and Jiang, Xu and Almeida, Diogo and Wainwright, Carroll and Mishkin, Pamela and Zhang, Chong and Agarwal, Sandhini and Slama, Katarina and Ray, Alex and others},
  journal={Advances in Neural Information Processing Systems},
  volume={35},
  pages={27730--27744},
  year={2022}
}

@article{defossez2022high,
  title={High fidelity neural audio compression},
  author={D{\'e}fossez, Alexandre and Copet, Jade and Synnaeve, Gabriel and Adi, Yossi},
  journal={arXiv preprint arXiv:2210.13438},
  year={2022}
}

@article{borsos2022audiolm,
  title={Audiolm: a language modeling approach to audio generation},
  author={Borsos, Zal{\'a}n and Marinier, Rapha{\"e}l and Vincent, Damien and Kharitonov, Eugene and Pietquin, Olivier and Sharifi, Matt and Teboul, Olivier and Grangier, David and Tagliasacchi, Marco and Zeghidour, Neil},
  journal={arXiv preprint arXiv:2209.03143},
  year={2022}
}

@article{zhang2023speak,
  title={Speak foreign languages with your own voice: Cross-lingual neural codec language modeling},
  author={Zhang, Ziqiang and Zhou, Long and Wang, Chengyi and Chen, Sanyuan and Wu, Yu and Liu, Shujie and Chen, Zhuo and Liu, Yanqing and Wang, Huaming and Li, Jinyu and others},
  journal={arXiv preprint arXiv:2303.03926},
  year={2023}
}

@inproceedings{rombach2022high,
  title={High-resolution image synthesis with latent diffusion models},
  author={Rombach, Robin and Blattmann, Andreas and Lorenz, Dominik and Esser, Patrick and Ommer, Bj{\"o}rn},
  booktitle={Proceedings of the IEEE/CVF Conference on Computer Vision and Pattern Recognition},
  pages={10684--10695},
  year={2022}
}

@inproceedings{esser2021taming,
  title={Taming transformers for high-resolution image synthesis},
  author={Esser, Patrick and Rombach, Robin and Ommer, Bjorn},
  booktitle={Proceedings of the IEEE/CVF conference on computer vision and pattern recognition},
  pages={12873--12883},
  year={2021}
}

@article{dhariwal2021diffusion,
  title={Diffusion models beat gans on image synthesis},
  author={Dhariwal, Prafulla and Nichol, Alexander},
  journal={Advances in Neural Information Processing Systems},
  volume={34},
  pages={8780--8794},
  year={2021}
}


@inproceedings{zhang2022wenetspeech,
  title={Wenetspeech: A 10000+ hours multi-domain mandarin corpus for speech recognition},
  author={Zhang, Binbin and Lv, Hang and Guo, Pengcheng and Shao, Qijie and Yang, Chao and Xie, Lei and Xu, Xin and Bu, Hui and Chen, Xiaoyu and Zeng, Chenchen and others},
  booktitle={ICASSP 2022-2022 IEEE International Conference on Acoustics, Speech and Signal Processing (ICASSP)},
  pages={6182--6186},
  year={2022},
  organization={IEEE}
}

@article{chen2021gigaspeech,
  title={Gigaspeech: An evolving, multi-domain asr corpus with 10,000 hours of transcribed audio},
  author={Chen, Guoguo and Chai, Shuzhou and Wang, Guanbo and Du, Jiayu and Zhang, Wei-Qiang and Weng, Chao and Su, Dan and Povey, Daniel and Trmal, Jan and Zhang, Junbo and others},
  journal={arXiv preprint arXiv:2106.06909},
  year={2021}
}

@inproceedings{Bredin2020,
  Title = {{pyannote.audio: neural building blocks for speaker diarization}},
  Author = {{Bredin}, Herv{\'e} and {Yin}, Ruiqing and {Coria}, Juan Manuel and {Gelly}, Gregory and {Korshunov}, Pavel and {Lavechin}, Marvin and {Fustes}, Diego and {Titeux}, Hadrien and {Bouaziz}, Wassim and {Gill}, Marie-Philippe},
  Booktitle = {ICASSP 2020, IEEE International Conference on Acoustics, Speech, and Signal Processing},
  Year = {2020},
}

@inproceedings{Bredin2021,
  Title = {{End-to-end speaker segmentation for overlap-aware resegmentation}},
  Author = {{Bredin}, Herv{\'e} and {Laurent}, Antoine},
  Booktitle = {Proc. Interspeech 2021},
  Year = {2021},
}

@inproceedings{chen2020controllable,
  title={Controllable Time-Delay Transformer for Real-Time Punctuation Prediction and Disfluency Detection},
  author={Chen, Qian and Chen, Mengzhe and Li, Bo and Wang, Wen},
  booktitle={ICASSP 2020-2020 IEEE International Conference on Acoustics, Speech and Signal Processing (ICASSP)},
  pages={8069--8073},
  year={2020},
  organization={IEEE}
}

@article{shen2023naturalspeech,
  title={NaturalSpeech 2: Latent Diffusion Models are Natural and Zero-Shot Speech and Singing Synthesizers},
  author={Shen, Kai and Ju, Zeqian and Tan, Xu and Liu, Yanqing and Leng, Yichong and He, Lei and Qin, Tao and Zhao, Sheng and Bian, Jiang},
  journal={arXiv preprint arXiv:2304.09116},
  year={2023}
}

@inproceedings{panayotov2015librispeech,
  title={Librispeech: an asr corpus based on public domain audio books},
  author={Panayotov, Vassil and Chen, Guoguo and Povey, Daniel and Khudanpur, Sanjeev},
  booktitle={2015 IEEE international conference on acoustics, speech and signal processing (ICASSP)},
  pages={5206--5210},
  year={2015},
  organization={IEEE}
}

@article{veaux2016superseded,
  title={Superseded-cstr vctk corpus: English multi-speaker corpus for cstr voice cloning toolkit},
  author={Veaux, Christophe and Yamagishi, Junichi and MacDonald, Kirsten and others},
  year={2016}
}

@article{shi2020aishell,
  title={Aishell-3: A multi-speaker mandarin tts corpus and the baselines},
  author={Shi, Yao and Bu, Hui and Xu, Xin and Zhang, Shaoji and Li, Ming},
  journal={arXiv preprint arXiv:2010.11567},
  year={2020}
}

@article{zeghidour2021soundstream,
  title={Soundstream: An end-to-end neural audio codec},
  author={Zeghidour, Neil and Luebs, Alejandro and Omran, Ahmed and Skoglund, Jan and Tagliasacchi, Marco},
  journal={IEEE/ACM Transactions on Audio, Speech, and Language Processing},
  volume={30},
  pages={495--507},
  year={2021},
  publisher={IEEE}
}

@article{liu2022delightfultts,
  title={Delightfultts 2: End-to-end speech synthesis with adversarial vector-quantized auto-encoders},
  author={Liu, Yanqing and Xue, Ruiqing and He, Lei and Tan, Xu and Zhao, Sheng},
  journal={arXiv preprint arXiv:2207.04646},
  year={2022}
}




@article{ren2021portaspeech,
  title={PortaSpeech: Portable and High-Quality Generative Text-to-Speech},
  author={Ren, Yi and Liu, Jinglin and Zhao, Zhou},
  journal={Advances in Neural Information Processing Systems},
  volume={34},
  year={2021}
}

@inproceedings{liu2022diffsinger,
  title={Diffsinger: Singing voice synthesis via shallow diffusion mechanism},
  author={Liu, Jinglin and Li, Chengxi and Ren, Yi and Chen, Feiyang and Zhao, Zhou},
  booktitle={Proceedings of the AAAI Conference on Artificial Intelligence},
  volume={36},
  number={10},
  pages={11020--11028},
  year={2022}
}

@article{oord2016wavenet,
  title={Wavenet: A generative model for raw audio},
  author={Oord, Aaron van den and Dieleman, Sander and Zen, Heiga and Simonyan, Karen and Vinyals, Oriol and Graves, Alex and Kalchbrenner, Nal and Senior, Andrew and Kavukcuoglu, Koray},
  journal={arXiv preprint arXiv:1609.03499},
  year={2016}
}

@article{kong2020hifi,
  title={Hifi-gan: Generative adversarial networks for efficient and high fidelity speech synthesis},
  author={Kong, Jungil and Kim, Jaehyeon and Bae, Jaekyoung},
  journal={Advances in Neural Information Processing Systems},
  volume={33},
  pages={17022--17033},
  year={2020}
}

@article{huang2022fastdiff,
  title={FastDiff: A Fast Conditional Diffusion Model for High-Quality Speech Synthesis},
  author={Huang, Rongjie and Lam, Max WY and Wang, Jun and Su, Dan and Yu, Dong and Ren, Yi and Zhao, Zhou},
  journal={arXiv preprint arXiv:2204.09934},
  year={2022}
}

@inproceedings{DBLP:conf/iclr/0006H0QZZL21,
  author    = {Yi Ren and
               Chenxu Hu and
               Xu Tan and
               Tao Qin and
               Sheng Zhao and
               Zhou Zhao and
               Tie{-}Yan Liu},
  title     = {FastSpeech 2: Fast and High-Quality End-to-End Text to Speech},
  booktitle = {9th International Conference on Learning Representations, {ICLR} 2021,
               Virtual Event, Austria, May 3-7, 2021},
  publisher = {OpenReview.net},
  year      = {2021},
  url       = {https://openreview.net/forum?id=piLPYqxtWuA},
  timestamp = {Wed, 23 Jun 2021 17:36:39 +0200},
  biburl    = {https://dblp.org/rec/conf/iclr/0006H0QZZL21.bib},
  bibsource = {dblp computer science bibliography, https://dblp.org}
}

@inproceedings{DBLP:conf/iclr/DonahueDBES21,
  author    = {Jeff Donahue and
               Sander Dieleman and
               Mikolaj Binkowski and
               Erich Elsen and
               Karen Simonyan},
  title     = {End-to-end Adversarial Text-to-Speech},
  booktitle = {9th International Conference on Learning Representations, {ICLR} 2021,
               Virtual Event, Austria, May 3-7, 2021},
  publisher = {OpenReview.net},
  year      = {2021},
  url       = {https://openreview.net/forum?id=rsf1z-JSj87},
  timestamp = {Wed, 23 Jun 2021 17:36:39 +0200},
  biburl    = {https://dblp.org/rec/conf/iclr/DonahueDBES21.bib},
  bibsource = {dblp computer science bibliography, https://dblp.org}
}

@article{arik2018neural,
  title={Neural voice cloning with a few samples},
  author={Arik, Sercan and Chen, Jitong and Peng, Kainan and Ping, Wei and Zhou, Yanqi},
  journal={Advances in neural information processing systems},
  volume={31},
  year={2018}
}

@article{jia2018transfer,
  title={Transfer learning from speaker verification to multispeaker text-to-speech synthesis},
  author={Jia, Ye and Zhang, Yu and Weiss, Ron and Wang, Quan and Shen, Jonathan and Ren, Fei and Nguyen, Patrick and Pang, Ruoming and Lopez Moreno, Ignacio and Wu, Yonghui and others},
  journal={Advances in neural information processing systems},
  volume={31},
  year={2018}
}

@article{huang2022meta,
  title={Meta-TTS: Meta-learning for few-shot speaker adaptive text-to-speech},
  author={Huang, Sung-Feng and Lin, Chyi-Jiunn and Liu, Da-Rong and Chen, Yi-Chen and Lee, Hung-yi},
  journal={IEEE/ACM Transactions on Audio, Speech, and Language Processing},
  volume={30},
  pages={1558--1571},
  year={2022},
  publisher={IEEE}
}

@article{kang2022any,
  title={Any-speaker Adaptive Text-To-Speech Synthesis with Diffusion Models},
  author={Kang, Minki and Min, Dongchan and Hwang, Sung Ju},
  journal={arXiv preprint arXiv:2211.09383},
  year={2022}
}

@article{wu2022adaspeech,
  title={Adaspeech 4: Adaptive text to speech in zero-shot scenarios},
  author={Wu, Yihan and Tan, Xu and Li, Bohan and He, Lei and Zhao, Sheng and Song, Ruihua and Qin, Tao and Liu, Tie-Yan},
  journal={arXiv preprint arXiv:2204.00436},
  year={2022}
}

@inproceedings{huang2022prodiff,
  title={Prodiff: Progressive fast diffusion model for high-quality text-to-speech},
  author={Huang, Rongjie and Zhao, Zhou and Liu, Huadai and Liu, Jinglin and Cui, Chenye and Ren, Yi},
  booktitle={Proceedings of the 30th ACM International Conference on Multimedia},
  pages={2595--2605},
  year={2022}
}



@article{jeong2021diff,
  title={Diff-tts: A denoising diffusion model for text-to-speech},
  author={Jeong, Myeonghun and Kim, Hyeongju and Cheon, Sung Jun and Choi, Byoung Jin and Kim, Nam Soo},
  journal={arXiv preprint arXiv:2104.01409},
  year={2021}
}

@inproceedings{lee2021bidirectional,
  title={Bidirectional variational inference for non-autoregressive text-to-speech},
  author={Lee, Yoonhyung and Shin, Joongbo and Jung, Kyomin},
  booktitle={International Conference on Learning Representations},
  year={2021}
}

@article{raffel2020exploring,
  title={Exploring the limits of transfer learning with a unified text-to-text transformer},
  author={Raffel, Colin and Shazeer, Noam and Roberts, Adam and Lee, Katherine and Narang, Sharan and Matena, Michael and Zhou, Yanqi and Li, Wei and Liu, Peter J},
  journal={The Journal of Machine Learning Research},
  volume={21},
  number={1},
  pages={5485--5551},
  year={2020},
  publisher={JMLRORG}
}

@inproceedings{goel2022s,
  title={It’s raw! audio generation with state-space models},
  author={Goel, Karan and Gu, Albert and Donahue, Chris and R{\'e}, Christopher},
  booktitle={International Conference on Machine Learning},
  pages={7616--7633},
  year={2022},
  organization={PMLR}
}

@article{kreuk2022audiogen,
  title={Audiogen: Textually guided audio generation},
  author={Kreuk, Felix and Synnaeve, Gabriel and Polyak, Adam and Singer, Uriel and D{\'e}fossez, Alexandre and Copet, Jade and Parikh, Devi and Taigman, Yaniv and Adi, Yossi},
  journal={arXiv preprint arXiv:2209.15352},
  year={2022}
}

@article{chen2020hifisinger,
  title={Hifisinger: Towards high-fidelity neural singing voice synthesis},
  author={Chen, Jiawei and Tan, Xu and Luan, Jian and Qin, Tao and Liu, Tie-Yan},
  journal={arXiv preprint arXiv:2009.01776},
  year={2020}
}

@article{ye2022syntaspeech,
  title={SyntaSpeech: syntax-aware generative adversarial text-to-speech},
  author={Ye, Zhenhui and Zhao, Zhou and Ren, Yi and Wu, Fei},
  journal={arXiv preprint arXiv:2204.11792},
  year={2022}
}

@article{jiang2022dict,
  title={Dict-tts: Learning to pronounce with prior dictionary knowledge for text-to-speech},
  author={Jiang, Ziyue and Su, Zhe and Zhao, Zhou and Yang, Qian and Ren, Yi and Liu, Jinglin},
  journal={Advances in Neural Information Processing Systems},
  volume={35},
  pages={11960--11974},
  year={2022}
}

@article{shaw2018self,
  title={Self-attention with relative position representations},
  author={Shaw, Peter and Uszkoreit, Jakob and Vaswani, Ashish},
  journal={arXiv preprint arXiv:1803.02155},
  year={2018}
}

@article{van2017neural,
  title={Neural discrete representation learning},
  author={Van Den Oord, Aaron and Vinyals, Oriol and others},
  journal={Advances in neural information processing systems},
  volume={30},
  year={2017}
}

@inproceedings{ren2022prosospeech,
  title={Prosospeech: Enhancing prosody with quantized vector pre-training in text-to-speech},
  author={Ren, Yi and Lei, Ming and Huang, Zhiying and Zhang, Shiliang and Chen, Qian and Yan, Zhijie and Zhao, Zhou},
  booktitle={ICASSP 2022-2022 IEEE International Conference on Acoustics, Speech and Signal Processing (ICASSP)},
  pages={7577--7581},
  year={2022},
  organization={IEEE}
}

@inproceedings{qian2019autovc,
  title={Autovc: Zero-shot voice style transfer with only autoencoder loss},
  author={Qian, Kaizhi and Zhang, Yang and Chang, Shiyu and Yang, Xuesong and Hasegawa-Johnson, Mark},
  booktitle={International Conference on Machine Learning},
  pages={5210--5219},
  year={2019},
  organization={PMLR}
}

@inproceedings{tan2021editspeech,
  title={Editspeech: A text based speech editing system using partial inference and bidirectional fusion},
  author={Tan, Daxin and Deng, Liqun and Yeung, Yu Ting and Jiang, Xin and Chen, Xiao and Lee, Tan},
  booktitle={2021 IEEE Automatic Speech Recognition and Understanding Workshop (ASRU)},
  pages={626--633},
  year={2021},
  organization={IEEE}
}

@inproceedings{steinbiss1994improvements,
  title={Improvements in beam search},
  author={Steinbiss, Volker and Tran, Bach-Hiep and Ney, Hermann},
  booktitle={Third international conference on spoken language processing},
  year={1994}
}

@inproceedings{mao2017least,
  title={Least squares generative adversarial networks},
  author={Mao, Xudong and Li, Qing and Xie, Haoran and Lau, Raymond YK and Wang, Zhen and Paul Smolley, Stephen},
  booktitle={Proceedings of the IEEE international conference on computer vision},
  pages={2794--2802},
  year={2017}
}

@article{vaswani2017attention,
  title={Attention is all you need},
  author={Vaswani, Ashish and Shazeer, Noam and Parmar, Niki and Uszkoreit, Jakob and Jones, Llion and Gomez, Aidan N and Kaiser, {\L}ukasz and Polosukhin, Illia},
  journal={Advances in neural information processing systems},
  volume={30},
  year={2017}
}

@article{jang2016categorical,
  title={Categorical reparameterization with gumbel-softmax},
  author={Jang, Eric and Gu, Shixiang and Poole, Ben},
  journal={arXiv preprint arXiv:1611.01144},
  year={2016}
}

@inproceedings{yamamoto2020parallel,
  title={Parallel WaveGAN: A fast waveform generation model based on generative adversarial networks with multi-resolution spectrogram},
  author={Yamamoto, Ryuichi and Song, Eunwoo and Kim, Jae-Min},
  booktitle={ICASSP 2020-2020 IEEE International Conference on Acoustics, Speech and Signal Processing (ICASSP)},
  pages={6199--6203},
  year={2020},
  organization={IEEE}
}

@inproceedings{bai20223,
  title={A${}^3$T: Alignment-Aware Acoustic and Text Pretraining for Speech Synthesis and Editing},
  author={Bai, He and Zheng, Renjie and Chen, Junkun and Ma, Mingbo and Li, Xintong and Huang, Liang},
  booktitle={International Conference on Machine Learning},
  pages={1399--1411},
  year={2022},
  organization={PMLR}
}

@article{muller2007dynamic,
  title={Dynamic time warping},
  author={M{\"u}ller, Meinard},
  journal={Information retrieval for music and motion},
  pages={69--84},
  year={2007},
  publisher={Springer}
}

@article{kumar2019melgan,
  title={Melgan: Generative adversarial networks for conditional waveform synthesis},
  author={Kumar, Kundan and Kumar, Rithesh and De Boissiere, Thibault and Gestin, Lucas and Teoh, Wei Zhen and Sotelo, Jose and de Br{\'e}bisson, Alexandre and Bengio, Yoshua and Courville, Aaron C},
  journal={Advances in neural information processing systems},
  volume={32},
  year={2019}
}

@inproceedings{fan2018hierarchical,
  title={Hierarchical Neural Story Generation},
  author={Fan, Angela and Lewis, Mike and Dauphin, Yann},
  booktitle={Proceedings of the 56th Annual Meeting of the Association for Computational Linguistics (Volume 1: Long Papers)},
  pages={889--898},
  year={2018}
}

@inproceedings{kahn2020libri,
  title={Libri-light: A benchmark for asr with limited or no supervision},
  author={Kahn, Jacob and Riviere, Morgane and Zheng, Weiyi and Kharitonov, Evgeny and Xu, Qiantong and Mazar{\'e}, Pierre-Emmanuel and Karadayi, Julien and Liptchinsky, Vitaliy and Collobert, Ronan and Fuegen, Christian and others},
  booktitle={ICASSP 2020-2020 IEEE International Conference on Acoustics, Speech and Signal Processing (ICASSP)},
  pages={7669--7673},
  year={2020},
  organization={IEEE}
}

@article{chen2022wavlm,
  title={Wavlm: Large-scale self-supervised pre-training for full stack speech processing},
  author={Chen, Sanyuan and Wang, Chengyi and Chen, Zhengyang and Wu, Yu and Liu, Shujie and Chen, Zhuo and Li, Jinyu and Kanda, Naoyuki and Yoshioka, Takuya and Xiao, Xiong and others},
  journal={IEEE Journal of Selected Topics in Signal Processing},
  volume={16},
  number={6},
  pages={1505--1518},
  year={2022},
  publisher={IEEE}
}

@article{van2008visualizing,
  title={Visualizing data using t-SNE.},
  author={Van der Maaten, Laurens and Hinton, Geoffrey},
  journal={Journal of machine learning research},
  volume={9},
  number={11},
  year={2008}
}

@article{hsu2021hubert,
  title={Hubert: Self-supervised speech representation learning by masked prediction of hidden units},
  author={Hsu, Wei-Ning and Bolte, Benjamin and Tsai, Yao-Hung Hubert and Lakhotia, Kushal and Salakhutdinov, Ruslan and Mohamed, Abdelrahman},
  journal={IEEE/ACM Transactions on Audio, Speech, and Language Processing},
  volume={29},
  pages={3451--3460},
  year={2021},
  publisher={IEEE}
}

@inproceedings{miao2020flow,
  title={Flow-tts: A non-autoregressive network for text to speech based on flow},
  author={Miao, Chenfeng and Liang, Shuang and Chen, Minchuan and Ma, Jun and Wang, Shaojun and Xiao, Jing},
  booktitle={ICASSP 2020-2020 IEEE International Conference on Acoustics, Speech and Signal Processing (ICASSP)},
  pages={7209--7213},
  year={2020},
  organization={IEEE}
}

@article{radford2018improving,
  title={Improving language understanding by generative pre-training},
  author={Radford, Alec and Narasimhan, Karthik and Salimans, Tim and Sutskever, Ilya and others},
  year={2018},
  publisher={OpenAI}
}


@inproceedings{cnf,
  title={Neural Ordinary Differential Equations},
  author={Ricky T. Q. Chen and Yulia Rubanova and Jesse Bettencourt and David Kristjanson Duvenaud},
  booktitle={Neural Information Processing Systems},
  year={2018}
}

@inproceedings{
    flow-matching,
    title={Flow Matching for Generative Modeling},
    author={Yaron Lipman and Ricky T. Q. Chen and Heli Ben-Hamu and Maximilian Nickel and Matthew Le},
    booktitle={International Conference on Learning Representations },
    year={2023},
}

@misc{spear-tts,
      title={Speak, Read and Prompt: High-Fidelity Text-to-Speech with Minimal Supervision}, 
      author={Eugene Kharitonov and Damien Vincent and Zalán Borsos and Raphaël Marinier and Sertan Girgin and Olivier Pietquin and Matt Sharifi and Marco Tagliasacchi and Neil Zeghidour},
      year={2023},
      eprint={2302.03540},
      archivePrefix={arXiv},
      primaryClass={cs.SD}
}

@article{Brown2020LanguageMA,
  title={Language Models are Few-Shot Learners},
  author={Tom B. Brown and Benjamin Mann and Nick Ryder and Melanie Subbiah and Jared Kaplan and Prafulla Dhariwal and Arvind Neelakantan and Pranav Shyam and Girish Sastry and Amanda Askell and Sandhini Agarwal and Ariel Herbert-Voss and Gretchen Krueger and T. J. Henighan and Rewon Child and Aditya Ramesh and Daniel M. Ziegler and Jeff Wu and Clemens Winter and Christopher Hesse and Mark Chen and Eric Sigler and Mateusz Litwin and Scott Gray and Benjamin Chess and Jack Clark and Christopher Berner and Sam McCandlish and Alec Radford and Ilya Sutskever and Dario Amodei},
  journal={ArXiv},
  year={2020},
  volume={abs/2005.14165}
}

@inproceedings{Nichol2021GLIDETP,
  title={{GLIDE}: Towards Photorealistic Image Generation and Editing with Text-Guided Diffusion Models},
  author={Alex Nichol and Prafulla Dhariwal and Aditya Ramesh and Pranav Shyam and Pamela Mishkin and Bob McGrew and Ilya Sutskever and Mark Chen},
  booktitle={International Conference on Machine Learning},
  year={2021}
}

@article{Ramesh2021ZeroShotTG,
  title={Zero-Shot Text-to-Image Generation},
  author={Aditya Ramesh and Mikhail Pavlov and Gabriel Goh and Scott Gray and Chelsea Voss and Alec Radford and Mark Chen and Ilya Sutskever},
  journal={ArXiv},
  year={2021},
  volume={abs/2102.12092}
}

@article{Liu2021PretrainPA,
  title={Pre-train, Prompt, and Predict: A Systematic Survey of Prompting Methods in Natural Language Processing},
  author={Pengfei Liu and Weizhe Yuan and Jinlan Fu and Zhengbao Jiang and Hiroaki Hayashi and Graham Neubig},
  journal={ACM Computing Surveys},
  year={2021},
  volume={55},
  pages={1 - 35}
}

@article{Aghajanyan2023ScalingLF,
  title={Scaling Laws for Generative Mixed-Modal Language Models},
  author={Armen Aghajanyan and L. Yu and Alexis Conneau and Wei-Ning Hsu and Karen Hambardzumyan and Susan Zhang and Stephen Roller and Naman Goyal and Omer Levy and Luke Zettlemoyer},
  journal={ArXiv},
  year={2023},
  volume={abs/2301.03728}
}

@article{Hoffmann2022TrainingCL,
  title={Training Compute-Optimal Large Language Models},
  author={Jordan Hoffmann and Sebastian Borgeaud and Arthur Mensch and Elena Buchatskaya and Trevor Cai and Eliza Rutherford and Diego de Las Casas and Lisa Anne Hendricks and Johannes Welbl and Aidan Clark and Tom Hennigan and Eric Noland and Katie Millican and George van den Driessche and Bogdan Damoc and Aurelia Guy and Simon Osindero and Karen Simonyan and Erich Elsen and Jack W. Rae and Oriol Vinyals and L. Sifre},
  journal={ArXiv},
  year={2022},
  volume={abs/2203.15556}
}

@inproceedings{Kim2021ConditionalVA,
  title={Conditional variational autoencoder with adversarial learning for end-to-end text-to-speech},
  author={Kim, Jaehyeon and Kong, Jungil and Son, Juhee},
  booktitle={International Conference on Machine Learning},
  year={2021},
}


@article{Kim2020GlowTTSAG,
  title={{Glow-TTS}: A generative flow for text-to-speech via monotonic alignment search},
  author={Kim, Jaehyeon and Kim, Sungwon and Kong, Jungil and Yoon, Sungroh},
  journal={Advances in Neural Information Processing Systems},
  year={2020}
}

@inproceedings{Huang2022FastDiffAF,
  title={{FastDiff}: A Fast Conditional Diffusion Model for High-Quality Speech Synthesis},
  author={Rongjie Huang and Max W. Y. Lam and J. Wang and Dan Su and Dong Yu and Yi Ren and Zhou Zhao},
  booktitle={International Joint Conference on Artificial Intelligence},
  year={2022}
}

@article{Tan2022NaturalSpeechET,
  title={{NaturalSpeech}: End-to-End Text to Speech Synthesis with Human-Level Quality},
  author={Xu Tan and Jiawei Chen and Haohe Liu and Jian Cong and Chen Zhang and Yanqing Liu and Xi Wang and Yichong Leng and Yuanhao Yi and Lei He and Frank K. Soong and Tao Qin and Sheng Zhao and Tie-Yan Liu},
  journal={ArXiv},
  year={2022},
  volume={abs/2205.04421}
}

@inproceedings{Yamagishi2019CSTRVC,
  title={CSTR VCTK Corpus: English Multi-speaker Corpus for CSTR Voice Cloning Toolkit (version 0.92)},
  author={Junichi Yamagishi and Christophe Veaux and Kirsten MacDonald},
  year={2019}
}

@inproceedings{Ardila2019CommonVA,
  title={Common Voice: A Massively-Multilingual Speech Corpus},
  author={Rosana Ardila and Megan Branson and Kelly Davis and Michael Henretty and Michael Kohler and Josh Meyer and Reuben Morais and Lindsay Saunders and Francis M. Tyers and Gregor Weber},
  booktitle={International Conference on Language Resources and Evaluation},
  year={2019}
}

@article{Panayotov2015LibrispeechAA,
  title={Librispeech: An ASR corpus based on public domain audio books},
  author={Vassil Panayotov and Guoguo Chen and Daniel Povey and Sanjeev Khudanpur},
  journal={International Conference on Acoustics, Speech and Signal Processing},
  year={2015},
}


@inproceedings{Hsu2018HierarchicalGM,
  title={Hierarchical Generative Modeling for Controllable Speech Synthesis},
  author={Hsu, Wei-Ning and Zhang, Yu and Weiss, Ron J and Zen, Heiga and Wu, Yonghui and Wang, Yuxuan and Cao, Yuan and Jia, Ye and Chen, Zhifeng and Shen, Jonathan and others},
  booktitle={International Conference on Learning Representations},
  year={2019},
}

@inproceedings{Wang2021fairseqSA,
  title={fairseq S$^2$: A Scalable and Integrable Speech Synthesis Toolkit},
  author={Changhan Wang and Wei-Ning Hsu and Yossi Adi and Adam Polyak and Ann Lee and Peng-Jen Chen and Jiatao Gu and Juan Miguel Pino},
  booktitle={Conference on Empirical Methods in Natural Language Processing},
  year={2021}
}

@inproceedings{Casanova2021YourTTSTZ,
  title={{YourTTS}: Towards Zero-Shot Multi-Speaker TTS and Zero-Shot Voice Conversion for everyone},
  author={Edresson Casanova and Julian Weber and Christopher Dane Shulby and Arnaldo C{\^a}ndido J{\'u}nior and Eren G{\"o}lge and Moacir Antonelli Ponti},
  booktitle={International Conference on Machine Learning},
  year={2021}
}

@inproceedings{Ren2020FastSpeech2F,
  title={FastSpeech 2: Fast and High-Quality End-to-End Text to Speech},
  author={Ren, Yi and Hu, Chenxu and Tan, Xu and Qin, Tao and Zhao, Sheng and Zhao, Zhou and Liu, Tie-Yan},
  booktitle={International Conference on Learning Representations},
  year={2021},
}

@inproceedings{Popov2021GradTTSAD,
  title={{Grad-TTS}: A Diffusion Probabilistic Model for Text-to-Speech},
  author={Vadim Popov and Ivan Vovk and Vladimir Gogoryan and Tasnima Sadekova and Mikhail Kudinov},
  booktitle={International Conference on Machine Learning},
  year={2021}
}

@article{Ho2020DenoisingDP,
  title={Denoising diffusion probabilistic models},
  author={Ho, Jonathan and Jain, Ajay and Abbeel, Pieter},
  journal={Advances in Neural Information Processing Systems},
  year={2020}
}

@article{Kahn2019LibriLightAB,
  title={{Libri-Light}: A Benchmark for ASR with Limited or No Supervision},
  author={Jacob Kahn and Morgane Rivi{\`e}re and Weiyi Zheng and Evgeny Kharitonov and Qiantong Xu and Pierre-Emmanuel Mazar'e and Julien Karadayi and Vitaliy Liptchinsky and Ronan Collobert and Christian Fuegen and Tatiana Likhomanenko and Gabriel Synnaeve and Armand Joulin and Abdel-rahman Mohamed and Emmanuel Dupoux},
  journal={International Conference on Acoustics, Speech and Signal Processing},
  year={2019},
}

@article{Pratap2020MLSAL,
  title={MLS: A Large-Scale Multilingual Dataset for Speech Research},
  author={Vineel Pratap and Qiantong Xu and Anuroop Sriram and Gabriel Synnaeve and Ronan Collobert},
  journal={ArXiv},
  year={2020},
  volume={abs/2012.03411}
}

@article{Kameoka2018StarGANVCNM,
  title={{StarGAN-VC}: non-parallel many-to-many Voice Conversion Using Star Generative Adversarial Networks},
  author={H. Kameoka and Takuhiro Kaneko and Kou Tanaka and Nobukatsu Hojo},
  journal={IEEE Spoken Language Technology Workshop},
  year={2018},
}

@article{LorenzoTrueba2018TheVC,
  title={The Voice Conversion Challenge 2018: Promoting Development of Parallel and Nonparallel Methods},
  author={Jaime Lorenzo-Trueba and Junichi Yamagishi and Tomoki Toda and Daisuke Saito and F. Villavicencio and Tomi H. Kinnunen and Zhenhua Ling},
  journal={ArXiv},
  year={2018},
  volume={abs/1804.04262}
}

@inproceedings{robinson2019sequence,
  title={Sequence-to-sequence modelling of {F0} for speech emotion conversion},
  author={Robinson, Carl and Obin, Nicolas and Roebel, Axel},
  booktitle={International Conference on Acoustics, Speech and Signal Processing},
  year={2019},
}


@inproceedings{kreuk2021textless,
  title={Textless speech emotion conversion using decomposed and discrete representations},
  author={Kreuk, Felix and Polyak, Adam and Copet, Jade and Kharitonov, Eugene and Nguyen, Tu-Anh and Rivi{\`e}re, Morgane and Hsu, Wei-Ning and Mohamed, Abdelrahman and Dupoux, Emmanuel and Adi, Yossi},
  booktitle = {Proceedings of the 2022 Conference on Empirical Methods in Natural Language Processing},
  year={2022}
}

@article{xu2014regression,
  title={A regression approach to speech enhancement based on deep neural networks},
  author={Xu, Yong and Du, Jun and Dai, Li-Rong and Lee, Chin-Hui},
  journal={IEEE/ACM Transactions on Audio, Speech, and Language Processing},
  volume={23},
  number={1},
  pages={7--19},
  year={2014},
  publisher={IEEE}
}

@article{defossez2020real,
  title={Real Time Speech Enhancement in the Waveform Domain},
  author={Alexandre D{\'e}fossez and Gabriel Synnaeve and Yossi Adi},
  journal={ArXiv},
  year={2020},
  volume={abs/2006.12847}
}

@article{Serr2022UniversalSE,
  title={Universal Speech Enhancement with Score-based Diffusion},
  author={Joan Serr{\`a} and Santiago Pascual and Jordi Pons and R. Oğuz Araz and Davide Scaini},
  journal={ArXiv},
  year={2022},
  volume={abs/2206.03065}
}

@article{Jia2018TransferLF,
  title={Transfer learning from speaker verification to multispeaker text-to-speech synthesis},
  author={Jia, Ye and Zhang, Yu and Weiss, Ron and Wang, Quan and Shen, Jonathan and Ren, Fei and Nguyen, Patrick and Pang, Ruoming and Lopez Moreno, Ignacio and Wu, Yonghui and others},
  journal={Advances in neural information processing systems},
  year={2018}
}

@inproceedings{Wang2018StyleTU,
  title={Style Tokens: Unsupervised Style Modeling, Control and Transfer in End-to-End Speech Synthesis},
  author={Yuxuan Wang and Daisy Stanton and Yu Zhang and R. J. Skerry-Ryan and Eric Battenberg and Joel Shor and Ying Xiao and Fei Ren and Ye Jia and Rif A. Saurous},
  booktitle={International Conference on Machine Learning},
  year={2018}
}

@article{Akuzawa2018ExpressiveSS,
  title={Expressive Speech Synthesis via Modeling Expressions with Variational Autoencoder},
  author={Kei Akuzawa and Yusuke Iwasawa and Yutaka Matsuo},
  journal={ArXiv},
  year={2018},
  volume={abs/1804.02135}
}

@article{Shen2017NaturalTS,
  title={Natural {TTS} Synthesis by Conditioning Wavenet on Mel Spectrogram Predictions},
  author={Jonathan Shen and Ruoming Pang and Ron J. Weiss and Mike Schuster and Navdeep Jaitly and Zongheng Yang and Z. Chen and Yu Zhang and Yuxuan Wang and R. J. Skerry-Ryan and Rif A. Saurous and Yannis Agiomyrgiannakis and Yonghui Wu},
  journal={International Conference on Acoustics, Speech and Signal Processing},
  year={2017},
}

@article{Lakhotia2021OnGS,
  title={On Generative Spoken Language Modeling from Raw Audio},
  author={Kushal Lakhotia and Evgeny Kharitonov and Wei-Ning Hsu and Yossi Adi and Adam Polyak and Benjamin Bolte and Tu Nguyen and Jade Copet and Alexei Baevski and Adel Ben Mohamed and Emmanuel Dupoux},
  journal={Transactions of the Association for Computational Linguistics},
  year={2021},
  volume={9},
  pages={1336-1354}
}

@article{Borsos2022AudioLMAL,
  title={{AudioLM}: a Language Modeling Approach to Audio Generation},
  author={Zal{\'a}n Borsos and Rapha{\"e}l Marinier and Damien Vincent and Eugene Kharitonov and Olivier Pietquin and Matthew Sharifi and Olivier Teboul and David Grangier and Marco Tagliasacchi and Neil Zeghidour},
  journal={ArXiv},
  year={2022},
  volume={abs/2209.03143}
}

@inproceedings{Bai2022A3TAA,
  title={{A3T}: Alignment-Aware Acoustic and Text Pretraining for Speech Synthesis and Editing},
  author={He Bai and Renjie Zheng and Junkun Chen and Xintong Li and Mingbo Ma and Liang Huang},
  booktitle={International Conference on Machine Learning},
  year={2022}
}

@inproceedings{Borsos2022SpeechPainterTS,
  title={{SpeechPainter}: Text-conditioned Speech Inpainting},
  author={Zal{\'a}n Borsos and Matthew Sharifi and Marco Tagliasacchi},
  booktitle={Interspeech},
  year={2022}
}

@article{Wang2023NeuralCL,
  title={Neural Codec Language Models are Zero-Shot Text to Speech Synthesizers},
  author={Chengyi Wang and Sanyuan Chen and Yu Wu and Zi-Hua Zhang and Long Zhou and Shujie Liu and Zhuo Chen and Yanqing Liu and Huaming Wang and Jinyu Li and Lei He and Sheng Zhao and Furu Wei},
  journal={ArXiv},
  year={2023},
  volume={abs/2301.02111}
}

@article{Defossez2022HighFN,
  title={High Fidelity Neural Audio Compression},
  author={Alexandre D{\'e}fossez and Jade Copet and Gabriel Synnaeve and Yossi Adi},
  journal={ArXiv},
  year={2022},
  volume={abs/2210.13438}
}

@article{Zeghidour2022SoundStreamAE,
  title={SoundStream: An End-to-End Neural Audio Codec},
  author={Neil Zeghidour and Alejandro Luebs and Ahmed Omran and Jan Skoglund and Marco Tagliasacchi},
  journal={IEEE/ACM Transactions on Audio, Speech, and Language Processing},
  year={2022},
  volume={30},
  pages={495-507}
}

@article{Hsu2021HuBERTSS,
  title={HuBERT: Self-Supervised Speech Representation Learning by Masked Prediction of Hidden Units},
  author={Wei-Ning Hsu and Benjamin Bolte and Yao-Hung Hubert Tsai and Kushal Lakhotia and Ruslan Salakhutdinov and Abdelrahman Mohamed},
  journal={IEEE/ACM Transactions on Audio, Speech, and Language Processing},
  year={2021},
  volume={29},
  pages={3451-3460}
}

@article{Radford2022RobustSR,
  title={Robust Speech Recognition via Large-Scale Weak Supervision},
  author={Alec Radford and Jong Wook Kim and Tao Xu and Greg Brockman and Christine McLeavey and Ilya Sutskever},
  journal={ArXiv},
  year={2022},
  volume={abs/2212.04356}
}
@inproceedings{Kharitonov2021TextFreePG,
  title={Text-Free Prosody-Aware Generative Spoken Language Modeling},
  author={Eugene Kharitonov and Ann Lee and Adam Polyak and Yossi Adi and Jade Copet and Kushal Lakhotia and Tu Nguyen and Morgane Rivi{\`e}re and Abdel-rahman Mohamed and Emmanuel Dupoux and Wei-Ning Hsu},
  booktitle={Annual Meeting of the Association for Computational Linguistics},
  year={2021}
}

@article{Nguyen2022GenerativeSD,
  title={Generative Spoken Dialogue Language Modeling},
  author={Tu Nguyen and Eugene Kharitonov and Jade Copet and Yossi Adi and Wei-Ning Hsu and Ali Mamdouh Elkahky and Paden Tomasello and Robin Algayres and Beno{\^i}t Sagot and Abdelrahman Mohamed and Emmanuel Dupoux},
  journal={Transactions of the Association for Computational Linguistics},
  year={2022},
  volume={11},
  pages={250-266}
}

@inproceedings{McAuliffe2017MontrealFA,
  title={Montreal Forced Aligner: Trainable Text-Speech Alignment Using Kaldi},
  author={Michael McAuliffe and Michaela Socolof and Sarah Mihuc and Michael Wagner and Morgan Sonderegger},
  booktitle={Interspeech},
  year={2017}
}

@article{Vaswani2017AttentionIA,
  title={Attention is All you Need},
  author={Ashish Vaswani and Noam M. Shazeer and Niki Parmar and Jakob Uszkoreit and Llion Jones and Aidan N. Gomez and Lukasz Kaiser and Illia Polosukhin},
  journal={ArXiv},
  year={2017},
  volume={abs/1706.03762}
}

@article{Press2021TrainST,
  title={Train Short, Test Long: Attention with Linear Biases Enables Input Length Extrapolation},
  author={Ofir Press and Noah A. Smith and Mike Lewis},
  journal={ArXiv},
  year={2021},
  volume={abs/2108.12409}
}

@article{Kingma2014AdamAM,
  title={Adam: A Method for Stochastic Optimization},
  author={Diederik P. Kingma and Jimmy Ba},
  journal={CoRR},
  year={2014},
  volume={abs/1412.6980}
}

@misc{torchdiffeq,
	author={Chen, Ricky T. Q.},
	title={torchdiffeq},
	year={2018},
	url={https://github.com/rtqichen/torchdiffeq},
}

@article{Dormand1980AFO,
  title={A family of embedded Runge-Kutta formulae},
  author={J. R. Dormand and P. J. Prince},
  journal={Journal of Computational and Applied Mathematics},
  year={1980},
  volume={6},
  pages={19-26}
}


@inproceedings{fastpitch,
  title={Fastpitch: Parallel text-to-speech with pitch prediction},
  author={{\L}a{\'n}cucki, Adrian},
  booktitle={International Conference on Acoustics, Speech and Signal Processing},
  year={2021},
}


@inproceedings{saharia2022palette,
  title={Palette: Image-to-image diffusion models},
  author={Saharia, Chitwan and Chan, William and Chang, Huiwen and Lee, Chris and Ho, Jonathan and Salimans, Tim and Fleet, David and Norouzi, Mohammad},
  booktitle={ACM SIGGRAPH 2022 Conference Proceedings},
  year={2022}
}

@inproceedings{ribeiro2011crowdmos,
  title={{CrowdMOS}: An approach for crowdsourcing mean opinion score studies},
  author={Ribeiro, Fl{\'a}vio and Flor{\^e}ncio, Dinei and Zhang, Cha and Seltzer, Michael},
  booktitle={International Conference on Acoustics, Speech and Signal Processing},
  year={2011},
}

@inproceedings{kubichek1993mel,
  title={Mel-cepstral distance measure for objective speech quality assessment},
  author={Kubichek, Robert},
  booktitle={Proceedings of IEEE pacific rim conference on communications computers and signal processing},
  volume={1},
  pages={125--128},
  year={1993},
  organization={IEEE}
}

@inproceedings{skerry2018towards,
  title={Towards end-to-end prosody transfer for expressive speech synthesis with tacotron},
  author={Skerry-Ryan, RJ and Battenberg, Eric and Xiao, Ying and Wang, Yuxuan and Stanton, Daisy and Shor, Joel and Weiss, Ron and Clark, Rob and Saurous, Rif A},
  booktitle={international conference on machine learning},
  pages={4693--4702},
  year={2018},
  organization={PMLR}
}

@inproceedings{le2019sdr,
  title={SDR--half-baked or well done?},
  author={Le Roux, Jonathan and Wisdom, Scott and Erdogan, Hakan and Hershey, John R},
  booktitle={ICASSP 2019-2019 IEEE International Conference on Acoustics, Speech and Signal Processing (ICASSP)},
  pages={626--630},
  year={2019},
  organization={IEEE}
}

@article{zen2019libritts,
  title={Libritts: A corpus derived from librispeech for text-to-speech},
  author={Zen, Heiga and Dang, Viet and Clark, Rob and Zhang, Yu and Weiss, Ron J and Jia, Ye and Chen, Zhifeng and Wu, Yonghui},
  journal={arXiv preprint arXiv:1904.02882},
  year={2019}
}

@article{casanova2022tts,
  title={TTS-Portuguese Corpus: a corpus for speech synthesis in Brazilian Portuguese},
  author={Casanova, Edresson and Junior, Arnaldo Candido and Shulby, Christopher and Oliveira, Frederico Santos de and Teixeira, Jo{\~a}o Paulo and Ponti, Moacir Antonelli and Alu{\'\i}sio, Sandra},
  journal={Language Resources and Evaluation},
  volume={56},
  number={3},
  pages={1043--1055},
  year={2022},
  publisher={Springer}
}

@article{gulati2020conformer,
  title={Conformer: Convolution-augmented transformer for speech recognition},
  author={Gulati, Anmol and Qin, James and Chiu, Chung-Cheng and Parmar, Niki and Zhang, Yu and Yu, Jiahui and Han, Wei and Wang, Shibo and Zhang, Zhengdong and Wu, Yonghui and others},
  journal={arXiv preprint arXiv:2005.08100},
  year={2020}
}

@inproceedings{yamamoto2020parallel,
  title={{Parallel WaveGAN}: A fast waveform generation model based on generative adversarial networks with multi-resolution spectrogram},
  author={Yamamoto, Ryuichi and Song, Eunwoo and Kim, Jae-Min},
  booktitle={International Conference on Acoustics, Speech and Signal Processing},
  year={2020},
}

@inproceedings{Kilgour2019FrchetAD,
  title={Fr{\'e}chet Audio Distance: A Reference-Free Metric for Evaluating Music Enhancement Algorithms},
  author={Kevin Kilgour and Mauricio Zuluaga and Dominik Roblek and Matthew Sharifi},
  booktitle={Interspeech},
  year={2019}
}

@inproceedings{Chung2018VoxCeleb2DS,
  title={VoxCeleb2: Deep Speaker Recognition},
  author={Joon Son Chung and Arsha Nagrani and Andrew Zisserman},
  booktitle={Interspeech},
  year={2018}
}

@inproceedings{desplanques2020ecapa,
  title={{ECAPA-TDNN: Emphasized Channel Attention, propagation and aggregation in TDNN based speaker verification}},
  author={Desplanques, Brecht and Thienpondt, Jenthe and Demuynck, Kris},
  booktitle={Interspeech},
  year={2020}
}

@article{ho2022classifier,
  title={Classifier-free diffusion guidance},
  author={Ho, Jonathan and Salimans, Tim},
  journal={arXiv preprint arXiv:2207.12598},
  year={2022}
}

@article{dhariwal2021diffusion,
  title={Diffusion models beat {GANs} on image synthesis},
  author={Dhariwal, Prafulla and Nichol, Alexander},
  journal={Advances in Neural Information Processing Systems},
  year={2021}
}

@article{brock2018large,
  title={Large scale GAN training for high fidelity natural image synthesis},
  author={Brock, Andrew and Donahue, Jeff and Simonyan, Karen},
  journal={arXiv preprint arXiv:1809.11096},
  year={2018}
}

@article{kingma2018glow,
  title={Glow: Generative flow with invertible 1x1 convolutions},
  author={Kingma, Durk P and Dhariwal, Prafulla},
  journal={Advances in neural information processing systems},
  volume={31},
  year={2018}
}

@article{baevski2020wav2vec,
  title={wav2vec 2.0: A framework for self-supervised learning of speech representations},
  author={Baevski, Alexei and Zhou, Yuhao and Mohamed, Abdelrahman and Auli, Michael},
  journal={Advances in neural information processing systems},
  year={2020}
}

@inproceedings{povey2011kaldi,
  title={The Kaldi speech recognition toolkit},
  author={Povey, Daniel and Ghoshal, Arnab and Boulianne, Gilles and Burget, Lukas and Glembek, Ondrej and Goel, Nagendra and Hannemann, Mirko and Motlicek, Petr and Qian, Yanmin and Schwarz, Petr and others},
  booktitle={Workshop on automatic speech recognition and understanding},
  year={2011},
}

@article{heusel2017gans,
  title={{GANs} trained by a two time-scale update rule converge to a local {Nash} equilibrium},
  author={Heusel, Martin and Ramsauer, Hubert and Unterthiner, Thomas and Nessler, Bernhard and Hochreiter, Sepp},
  journal={Advances in neural information processing systems},
  year={2017}
}

@article{paszke2019pytorch,
  title={{Pytorch}: An imperative style, high-performance deep learning library},
  author={Paszke, Adam and Gross, Sam and Massa, Francisco and Lerer, Adam and Bradbury, James and Chanan, Gregory and Killeen, Trevor and Lin, Zeming and Gimelshein, Natalia and Antiga, Luca and others},
  journal={Advances in neural information processing systems},
  year={2019}
}

@inproceedings{park2019specAugmentAS,
  title={{SpecAugment}: A Simple Data Augmentation Method for Automatic Speech Recognition},
  author={Daniel S. Park and William Chan and Yu Zhang and Chung-Cheng Chiu and Barret Zoph and Ekin Dogus Cubuk and Quoc V. Le},
  booktitle={Interspeech},
  year={2019}
}


@inproceedings{godfrey1992switchboard,
  title={SWITCHBOARD: Telephone speech corpus for research and development},
  author={Godfrey, John J and Holliman, Edward C and McDaniel, Jane},
  booktitle={Acoustics, Speech, and Signal Processing, IEEE International Conference on},
  volume={1},
  pages={517--520},
  year={1992},
  organization={IEEE Computer Society}
}

@article{hsu2022revise,
  title={ReVISE: Self-Supervised Speech Resynthesis with Visual Input for Universal and Generalized Speech Enhancement},
  author={Hsu, Wei-Ning and Remez, Tal and Shi, Bowen and Donley, Jacob and Adi, Yossi},
  journal={arXiv preprint arXiv:2212.11377},
  year={2022}
}

@inproceedings{yu2021artificial,
  title={Artificial fingerprinting for generative models: Rooting deepfake attribution in training data},
  author={Yu, Ning and Skripniuk, Vladislav and Abdelnabi, Sahar and Fritz, Mario},
  booktitle={Proceedings of the IEEE/CVF International conference on computer vision},
  pages={14448--14457},
  year={2021}
}

@inproceedings{polyak2021speech,
  title={Speech Resynthesis from Discrete Disentangled Self-Supervised Representations},
  author={Polyak, Adam and Adi, Yossi and Copet, Jade and Kharitonov, Eugene and Lakhotia, Kushal and Hsu, Wei-Ning and Mohamed, Abdelrahman and Dupoux, Emmanuel},
  booktitle={Interspeech},
  year={2021}
}

@article{Chen2021WavLMLS,
  title={Wavlm: Large-scale self-supervised pre-training for full stack speech processing},
  author={Chen, Sanyuan and Wang, Chengyi and Chen, Zhengyang and Wu, Yu and Liu, Shujie and Chen, Zhuo and Li, Jinyu and Kanda, Naoyuki and Yoshioka, Takuya and Xiao, Xiong and others},
  journal={IEEE Journal of Selected Topics in Signal Processing},
  volume={16},
  number={6},
  pages={1505--1518},
  year={2022},
  publisher={IEEE}
}


@inproceedings{Babu2022XLSR,
  author       = {Arun Babu and
                  Changhan Wang and
                  Andros Tjandra and
                  Kushal Lakhotia and
                  Qiantong Xu and
                  Naman Goyal and
                  Kritika Singh and
                  Patrick von Platen and
                  Yatharth Saraf and
                  Juan Pino and
                  Alexei Baevski and
                  Alexis Conneau and
                  Michael Auli},
  editor       = {Hanseok Ko and
                  John H. L. Hansen},
  title        = {{XLS-R:} Self-supervised Cross-lingual Speech Representation Learning
                  at Scale},
  booktitle    = {Interspeech 2022, 23rd Annual Conference of the International Speech
                  Communication Association, Incheon, Korea, 18-22 September 2022},
  pages        = {2278--2282},
  publisher    = {{ISCA}},
  year         = {2022},
}





@article{le2023voicebox,
  title={Voicebox: Text-Guided Multilingual Universal Speech Generation at Scale},
  author={Le, Matthew and Vyas, Apoorv and Shi, Bowen and Karrer, Brian and Sari, Leda and Moritz, Rashel and Williamson, Mary and Manohar, Vimal and Adi, Yossi and Mahadeokar, Jay and others},
  journal={arXiv preprint arXiv:2306.15687},
  year={2023}
}



@article{levkovitch2022zero,
  title={Zero-shot voice conditioning for denoising diffusion tts models},
  author={Levkovitch, Alon and Nachmani, Eliya and Wolf, Lior},
  journal={arXiv preprint arXiv:2206.02246},
  year={2022}
}

@inproceedings{radford2023robust,
  title={Robust speech recognition via large-scale weak supervision},
  author={Radford, Alec and Kim, Jong Wook and Xu, Tao and Brockman, Greg and McLeavey, Christine and Sutskever, Ilya},
  booktitle={International Conference on Machine Learning},
  pages={28492--28518},
  year={2023},
  organization={PMLR}
}