%1
@ARTICLE{a001, author={Saad, Walid and Bennis, Mehdi and Chen, Mingzhe}, journal={IEEE Network}, title={A Vision of {6G} Wireless Systems: Applications, Trends, Technologies, and Open Research Problems}, year={2020}, volume={34}, number={3}, pages={134-142}, doi={10.1109/MNET.001.1900287},month={Jun.}}



%2
@ARTICLE{a0, author={Liu, Fan and Cui, Yuanhao and Masouros, Christos and Xu, Jie and Han, Tony Xiao and Eldar, Yonina C. and Buzzi, Stefano}, 
journal={IEEE J. Sel. Areas Commun.}, 
title={Integrated Sensing and Communications: Toward Dual-Functional Wireless Networks for {6G} and Beyond}, year={2022}, volume={40}, number={6}, pages={1728-1767}, doi={10.1109/JSAC.2022.3156632},
month={Mar.}}

%3
@INPROCEEDINGS{a1, author={Pin Tan, Danny Kai and He, Jia and Li, Yanchun and Bayesteh, Alireza and Chen, Yan and Zhu, Peiying and Tong, Wen}, 
booktitle={Proc. 1st IEEE Int. Online Symp. Joint Commun. Sens. (JC\&S)},
 title={Integrated Sensing and Communication in {6G}: Motivations, Use Cases, Requirements, Challenges and Future Directions}, year={2021}, volume={}, number={}, pages={1--6}, doi={10.1109/JCS52304.2021.9376324}
,month={Feb.},  address={Dresden, Germany}
}


%4
@ARTICLE{a2, author={Cui, Yuanhao and Liu, Fan and Jing, Xiaojun and Mu, Junsheng}, 
journal={IEEE Network}, 
title={Integrating Sensing and Communications for Ubiquitous {IoT}: Applications, Trends, and Challenges}, year={2021}, volume={35}, number={5}, pages={158-167}, doi={10.1109/MNET.010.2100152},month={Oct.}}

%5
@ARTICLE{a3, author={Kumari, Preeti and Mezghani, Amine and Heath, Robert W.}, 
journal={IEEE Open J. Veh. Technol.}, 
title={{JCR}70: A Low-Complexity Millimeter-Wave Proof-of-Concept Platform for a Fully-Digital {SIMO} Joint Communication-Radar}, year={2021}, volume={2}, number={}, pages={218-234}, doi={10.1109/OJVT.2021.3069946},month={Mar.}}

%6
@misc{a4,
title={Vehicular Positioning and Tracking in Multipath Non-Line-of-Sight Channels},
author={Ye, Zhicheng and Vinogradova, Julia and Fodor, G{\'a}bor and Hammarberg, Peter},year={2022},
note={\emph{arXiv:2203.17007.} {[Online]. Available: https://arxiv.org/abs/2203.17007}},
}

%7
@INPROCEEDINGS{a5, author={Li, Oupeng and He, Jia and Zeng, Kun and Yu, Ziming and Du, Xianfeng and Liang, Yuan and Wang, Guangiian and Chen, Yan and Zhu, Peiying and Tong, Wen and Lister, David and Ibbotson, Luke}, 
booktitle={Proc. IEEE EuCNC/6G}, 
title={Integrated Sensing and Communication in {6G} A Prototype of High Resolution {THz} Sensing on Portable Device}, 
year={2021}, volume={}, number={}, pages={544-549}, doi={10.1109/EuCNC/{6G}Summit51104.2021.9482537},
month={Jun.}, address={Porto, Portugal}
}

%8
@ARTICLE{a501, author={Liu, Fan and Masouros, Christos and Petropulu, Athina P. and Griffiths, Hugh and Hanzo, Lajos}, 
journal={IEEE Trans. Wireless Commun.}, 
title={Joint Radar and Communication Design: Applications, State-of-the-Art, and the Road Ahead}, year={2020}, volume={68}, number={6}, pages={3834-3862}, doi={10.1109/TCOMM.2020.2973976},month={Feb.}}

%9
@ARTICLE{a502, author={Zheng, Le and Lops, Marco and Eldar, Yonina C. and Wang, Xiaodong}, 
journal={IEEE Signal Process. Mag.}, 
title={Radar and Communication Coexistence: An Overview: A Review of Recent Methods}, year={2019}, volume={36}, number={5}, pages={85-99}, doi={10.1109/MSP.2019.2907329},month={Sept.}}

%10
@ARTICLE{a503, author={Zhang, J. Andrew and others}, 
journal={IEEE J. Sel. Topics Signal Process.}, 
title={An Overview of Signal Processing Techniques for Joint Communication and Radar Sensing}, year={2021}, volume={15}, number={6}, pages={1295-1315}, doi={10.1109/JSTSP.2021.3113120},month={Nov.}}

%11
@ARTICLE{a6, author={Leitinger, Erik and Meyer, Florian and Hlawatsch, Franz and Witrisal, Klaus and Tufvesson, Fredrik and Win, Moe Z.}, 
journal={IEEE Trans. Wireless Commun.}, 
title={A Belief Propagation Algorithm for Multipath-Based {SLAM}}, year={2019}, volume={18}, number={12}, pages={5613-5629}, doi={10.1109/TWC.2019.2937781},month={Sept.}}


%12
@INPROCEEDINGS{a601, author={Palacios, Joan and Bielsa, Guillermo and Casari, Paolo and Widmer, Joerg}, booktitle={Proc. IEEE Conf. Comput. Commun. (INFOCOM)}, title={Communication-Driven Localization and Mapping for Millimeter Wave Networks}, year={2018}, volume={}, number={}, pages={2402-2410}, doi={10.1109/INFOCOM.2018.8485819},address={Honolulu, HI, USA},month={Apr.}
}

%13
@INPROCEEDINGS{a602, author={Gentner, Christian and Ma, Boxiao and Ulmschneider, Markus and Jost, Thomas and Dammann, Armin}, booktitle={Proc. IEEE/ION Position, Location Navigat. Symp. (PLANS)}, title={Simultaneous localization and mapping in multipath environments}, year={2016},month={Apr.}, volume={}, number={}, pages={807-815}, doi={10.1109/PLANS.2016.7479776},address={Savannah, GA, USA}}

%14
@ARTICLE{a7, author={Cadena, Cesar and others},
journal={IEEE Trans. Robot.}, 
title={Past, Present, and Future of Simultaneous Localization and Mapping: Toward the Robust-Perception Age}, year={2016}, volume={32}, number={6}, pages={1309-1332}, doi={10.1109/TRO.2016.2624754},month={Dec.}}

%15
@ARTICLE{a701, author={Qin, Tong and Li, Peiliang and Shen, Shaojie},
journal={IEEE Trans. Robot.}, 
title={{VINS-Mono}: A Robust and Versatile Monocular Visual-Inertial State Estimator}, year={2018}, volume={34}, number={4}, pages={1004-1020}, doi={10.1109/TRO.2018.2853729},month={Aug.}}

%16
@INPROCEEDINGS{a702, author={Hess, Wolfgang and Kohler, Damon and Rapp, Holger and Andor, Daniel}, booktitle={Proc. IEEE Int. Conf. Robot. Automat. (ICRA)}, title={Real-time loop closure in {2D} {LIDAR} {SLAM}}, year={2016}, volume={}, number={}, pages={1271-1278}, doi={10.1109/ICRA.2016.7487258},month={May},address={Stockholm, Sweden}}


%17
@ARTICLE{a8, author={Zou, Han and Chen, Chun-Lin and Li, Maoxun and Yang, Jianfei and Zhou, Yuxun and Xie, Lihua and Spanos, Costas J.}, 
journal={IEEE Internet Things J.}, 
title={Adversarial Learning-Enabled Automatic {WiFi} Indoor Radio Map Construction and Adaptation With Mobile Robot}, year={2020}, volume={7}, number={8}, pages={6946-6954}, doi={10.1109/J{IOT}.2020.2979413},month={Mar.}}

%18
@article{a9,
title={Positioning using terrestrial multipath signals and inertial sensors},
author={Gentner, Christian and P{\"o}hlmann, Robert and Ulmschneider, Markus and Jost, Thomas and Zhang, Siwei},
journal={Mobile Inf. Syst.}, pages={1-18},
volume={2017},
year={2017},
publisher={Hindawi},month={Oct.}
}

%19
@ARTICLE{a901, author={Rappaport, Theodore S. and Gutierrez, Felix and Ben-Dor, Eshar and Murdock, James N. and Qiao, Yijun and Tamir, Jonathan I.},
journal={IEEE Trans. Antennas Propag.},
title={Broadband Millimeter-Wave Propagation Measurements and Models Using Adaptive-Beam Antennas for Outdoor Urban Cellular Communications}, year={2013}, volume={61}, number={4}, pages={1850-1859}, doi={10.1109/TAP.2012.2235056},month={Apr.}}


%20
@ARTICLE{a902, author={Andrews, Jeffrey G. and Bai, Tianyang and Kulkarni, Mandar N. and Alkhateeb, Ahmed and Gupta, Abhishek K. and Heath, Robert W.},
journal={IEEE Trans. Commun.},
title={Modeling and Analyzing Millimeter Wave Cellular Systems}, year={2017}, volume={65}, number={1}, pages={403-430}, doi={10.1109/TCOMM.2016.2618794},month={Jan.}}



%21
@ARTICLE{a10, author={Giordani, Marco and Polese, Michele and Roy, Arnab and Castor, Douglas and Zorzi, Michele},
journal={ IEEE Commun. Surveys Tuts.}, 
title={A Tutorial on Beam Management for {3GPP} {NR} at mmWave Frequencies}, year={2019}, volume={21}, number={1}, pages={173-196}, doi={10.1109/COMST.2018.2869411},month={Jan.}}

%22
@INPROCEEDINGS{a1001, author={Zhang, Chuang and Guo, Dongning and Fan, Pingyi}, 
booktitle={Proc. IEEE Int. Conf. Commun. (ICC)}, 
title={Tracking angles of departure and arrival in a mobile millimeter wave channel}, year={2016}, volume={}, number={}, pages={1-6}, doi={10.1109/ICC.2016.7510902},address={Kuala Lumpur, Malaysia},month={May}}


@INPROCEEDINGS{a100101,
  author={Va, Vutha and Vikalo, Haris and Heath, Robert W.},
  booktitle={Proc. IEEE Global Conf. Signal Inf. Process. (GlobalSIP)}, 
  title={Beam tracking for mobile millimeter wave communication systems}, 
  year={2016},
  volume={},
  number={},
  pages={743-747},
  doi={10.1109/GlobalSIP.2016.7905941}, address={Washington, DC, USA},month={Dec.}}



%23
@ARTICLE{a1002, author={Chung, Hyeonjin and Kang, Jeongwan and Kim, Hyowon and Park, Young Mi and Kim, Sunwoo}, 
journal={IEEE Commun. Lett.}, 
title={Adaptive Beamwidth Control for mmWave Beam Tracking}, year={2021}, volume={25}, number={1}, pages={137-141}, doi={10.1109/LCOMM.2020.3022877},month={Jan.}}


%24
@ARTICLE{a1003, author={Alkhateeb, Ahmed and Mo, Jianhua and Gonzalez-Prelcic, Nuria and Heath, Robert W.}, journal={IEEE Commun. Mag.}, title={{MIMO} Precoding and Combining Solutions for Millimeter-Wave Systems}, year={2014}, volume={52}, number={12}, pages={122-131}, doi={10.1109/MCOM.2014.6979963},month={Dec.}}

%25
@INPROCEEDINGS{a11, author={Li, Xuhong and Leitinger, Erik and Tufvesson, Fredrik}, 
booktitle={Proc. 54th Asilomar Conf. Signals, Syst., Comput. (ACSSC)}, 
title={Detection and Tracking of Multipath Channel Parameters Using Belief Propagation}, 
year={2020}, volume={}, number={}, pages={1083-1089}, doi={10.1109/IEEECONF51394.2020.9443465},month={Nov.},address={Pacific Grove, CA, USA},month={Nov.}}

%26
@ARTICLE{a1101, 
 author={Liu, Fan and Yuan, Weijie and Masouros, Christos and Yuan, Jinhong},  
journal={IEEE Trans. Wireless Commun.},   
title={Radar-Assisted Predictive Beamforming for Vehicular Links: Communication Served by Sensing},   
year={2020},  volume={19},  number={11},  pages={7704-7719},  doi={10.1109/TWC.2020.3015735},month={Nov.}}


@ARTICLE{a11011,  author={Liu, Chang and Yuan, Weijie and Wei, Zhiqiang and Liu, Xuemeng and Ng, Derrick Wing Kwan},  journal={IEEE Wireless Commun. Lett.},   title={Location-Aware Predictive Beamforming for {UAV} Communications: A Deep Learning Approach},   year={2021},  volume={10},  number={3},  pages={668-672},  doi={10.1109/LWC.2020.3045150},month={Mar.}}

%27
@ARTICLE{a1102, author={Mendrzik, Rico and Meyer, Florian and Bauch, Gerhard and Win, Moe Z.},
journal={IEEE J. Sel. Topics Signal Process.},
title={Enabling Situational Awareness in Millimeter Wave Massive {MIMO} Systems}, year={2019}, volume={13}, number={5}, pages={1196-1211}, doi={10.1109/JSTSP.2019.2933142},month={Sept.}}

%28
@ARTICLE{a1103, author={Kim, Hyowon and Granström, Karl and Gao, Lin and Battistelli, Giorgio and Kim, Sunwoo and Wymeersch, Henk}, 
journal={IEEE Trans. Wireless Commun.}, 
title={{5G} mmWave Cooperative Positioning and Mapping Using Multi-Model {PHD} Filter and Map Fusion}, year={2020}, volume={19}, number={6}, pages={3782-3795}, doi={10.1109/TWC.2020.2978479},month={Jun.}}

%29
@ARTICLE{a1104, author={Yang, Jie and Wen, Chao-Kai and Jin, Shi and Li, Xiao},
journal={IEEE Trans. Wireless Commun.}, 
title={Enabling Plug-and-Play and Crowdsourcing {SLAM} in Wireless Communication Systems}, year={2022}, volume={21}, number={3}, pages={1453-1468}, doi={10.1109/TWC.2021.3104006},month={Mar.}}

%30
@ARTICLE{a1105, author={Yang, Jie and Wen, Chao-Kai and Jin, Shi},
journal={IEEE J. Sel. Areas Commun.}, 
title={Hybrid Active and Passive Sensing for {SLAM} in Wireless Communication Systems}, year={2022}, volume={40}, number={7}, pages={2146-2163}, doi={10.1109/JSAC.2022.3156630},month={Mar.}}


@INPROCEEDINGS{a1106,
  author={Sun, Bule and Zhou, Yiqing and Tian, Lin and Shi, Jinglin},
  booktitle={Proc. IEEE Global Telecommun. Conf. (GLOBECOM)}, 
  title={Successive Interference Cancellation Based Channel Estimation for Massive {MIMO} Systems}, 
  year={2017},
  volume={},
  number={},
  pages={1-6}, address={Singapore},month={Jan.}}




%31
@ARTICLE{a12, author={Alkhateeb, Ahmed and El Ayach, Omar and Leus, Geert and Heath, Robert W.}, journal={IEEE J. Sel. Topics Signal Process.},
title={Channel Estimation and Hybrid Precoding for Millimeter Wave Cellular Systems}, year={2014}, volume={8}, number={5}, pages={831-846}, doi={10.1109/JSTSP.2014.2334278},month={Jul.}}

%32
@ARTICLE{a13, author={Sabatelli, Simone and Galgani, Marco and Fanucci, Luca and Rocchi, Alessandro}, journal={IEEE Trans. Instrum. Meas.}, title={A Double-Stage Kalman Filter for Orientation Tracking With an Integrated Processor in {9-D} {IMU}}, year={2013}, volume={62}, number={3}, pages={590-598}, doi={10.1109/TIM.2012.2218692},month={Sept.}}


%33
@INPROCEEDINGS{a14, author={Zukang Shen and Andrews, J.G. and Evans, B.L.}, booktitle={Proc. IEEE Global Telecommun. Conf. (GLOBECOM)}, title={Upper bounds on {MIMO} channel capacity with channel {Frobenius} norm constraints}, year={2005}, volume={3}, number={}, pages={1505-1509}, doi={10.1109/GLOCOM.2005.1577902}, address={St. Louis, MO, USA},month={Nov.}}


@ARTICLE{a15,  author={Shih, Wan-Ting and Wen, Chao-Kai and Tsai, Shang-Ho and Jin, Shi},  journal={IEEE Trans. Wireless Commun.},   title={Fast Antenna and Beam Switching Method for {mmWave} Handsets With Hand Blockage},   year={2021},  volume={20},  number={12},  pages={8134-8148},  doi={10.1109/TWC.2021.3090447},month={Dec.}}



%34
@ARTICLE{a16, author={Schuhmacher, Dominic and Vo, Ba-Tuong and Vo, Ba-Ngu}, 
journal={IEEE Trans. Signal Process.}, 
title={A Consistent Metric for Performance Evaluation of Multi-Object Filters}, year={2008}, volume={56}, number={8}, pages={3447-3457}, doi={10.1109/TSP.2008.920469},month={Aug.}}

@ARTICLE{a1601, author={Goldsmith, A. and Jafar, S.A. and Jindal, N. and Vishwanath, S.}, 
journal={IEEE J. Sel. Areas Commun.}, 
title={Capacity limits of {MIMO} channels}, year={2003}, volume={21}, number={5}, pages={684-702}, doi={10.1109/JSAC.2003.810294},month={Jun.}}



%35
@ARTICLE{a17, author={Ayach, Omar El and Rajagopal, Sridhar and Abu-Surra, Shadi and Pi, Zhouyue and Heath, Robert W.}, 
journal={IEEE Trans. Wireless Commun.},
title={Spatially Sparse Precoding in Millimeter Wave {MIMO} Systems}, year={2014}, volume={13}, number={3}, pages={1499-1513}, doi={10.1109/TWC.2014.011714.130846},month={Jan.}}

%a36
@book{a18,
  title={Wireless communications},
  author={Goldsmith, Andrea},
  year={2005},
  publisher={U.K.: Cambridge Univ. Press}
}

@book{a19,
publisher = {{New York, USA: Wiley}},
title = {Estimation with Applications to Tracking and Navigation},
  author={{Y. Bar-Shalom, T. Kirubarajan, and X.-R. Li}},
year = {2002}}








