@article{kim2021scan,
  title={Scan context++: Structural place recognition robust to rotation and lateral variations in urban environments},
  author={Kim, Giseop and Choi, Sunwook and Kim, Ayoung},
  journal={IEEE Transactions on Robotics},
  year={2021},
  publisher={IEEE}
}
@inproceedings{kim2018scan,
  title={Scan context: Egocentric spatial descriptor for place recognition within 3d point cloud map},
  author={Kim, Giseop and Kim, Ayoung},
  booktitle={2018 IEEE/RSJ International Conference on Intelligent Robots and Systems (IROS)},
  pages={4802--4809},
  year={2018},
  organization={IEEE}
}
@inproceedings{wang2020lidar,
  title={Lidar iris for loop-closure detection},
  author={Wang, Ying and Sun, Zezhou and Xu, Cheng-Zhong and Sarma, Sanjay E and Yang, Jian and Kong, Hui},
  booktitle={2020 IEEE/RSJ International Conference on Intelligent Robots and Systems (IROS)},
  pages={5769--5775},
  year={2020},
  organization={IEEE}
}
@inproceedings{li2021ssc,
  title={SSC: Semantic scan context for large-scale place recognition},
  author={Li, Lin and Kong, Xin and Zhao, Xiangrui and Huang, Tianxin and Li, Wanlong and Wen, Feng and Zhang, Hongbo and Liu, Yong},
  booktitle={2021 IEEE/RSJ International Conference on Intelligent Robots and Systems (IROS)},
  pages={2092--2099},
  year={2021},
  organization={IEEE}
}
@inproceedings{wang2020intensity,
  title={Intensity scan context: Coding intensity and geometry relations for loop closure detection},
  author={Wang, Han and Wang, Chen and Xie, Lihua},
  booktitle={2020 IEEE International Conference on Robotics and Automation (ICRA)},
  pages={2095--2101},
  year={2020},
  organization={IEEE}
}
@inproceedings{NDT-Transformer,
  title={Ndt-transformer: Large-scale 3d point cloud localisation using the normal distribution transform representation},
  author={Zhou, Zhicheng and Zhao, Cheng and Adolfsson, Daniel and Su, Songzhi and Gao, Yang and Duckett, Tom and Sun, Li},
  booktitle={2021 IEEE International Conference on Robotics and Automation (ICRA)},
  pages={5654--5660},
  year={2021},
  organization={IEEE}
}
@inproceedings{M2DP,
  title={M2DP: A novel 3D point cloud descriptor and its application in loop closure detection},
  author={He, Li and Wang, Xiaolong and Zhang, Hong},
  booktitle={2016 IEEE/RSJ International Conference on Intelligent Robots and Systems (IROS)},
  pages={231--237},
  year={2016},
  organization={IEEE}
}
@inproceedings{FLOAM,
  title={F-loam: Fast lidar odometry and mapping},
  author={Wang, Han and Wang, Chen and Chen, Chun-Lin and Xie, Lihua},
  booktitle={2021 IEEE/RSJ International Conference on Intelligent Robots and Systems (IROS)},
  pages={4390--4396},
  year={2021},
  organization={IEEE}
}
@inproceedings{locus,
  title={Locus: Lidar-based place recognition using spatiotemporal higher-order pooling},
  author={Vidanapathirana, Kavisha and Moghadam, Peyman and Harwood, Ben and Zhao, Muming and Sridharan, Sridha and Fookes, Clinton},
  booktitle={2021 IEEE International Conference on Robotics and Automation (ICRA)},
  pages={5075--5081},
  year={2021},
  organization={IEEE}
}
@article{ma2022overlaptransformer,
  title={OverlapTransformer: An efficient and yaw-angle-invariant transformer network for LiDAR-based place recognition},
  author={Ma, Junyi and Zhang, Jun and Xu, Jintao and Ai, Rui and Gu, Weihao and Chen, Xieyuanli},
  journal={IEEE Robotics and Automation Letters},
  volume={7},
  number={3},
  pages={6958--6965},
  year={2022},
  publisher={IEEE}
}
@inproceedings{dewan2018learning,
  title={Learning a local feature descriptor for 3d lidar scans},
  author={Dewan, Ayush and Caselitz, Tim and Burgard, Wolfram},
  booktitle={2018 IEEE/RSJ International Conference on Intelligent Robots and Systems (IROS)},
  pages={4774--4780},
  year={2018},
  organization={IEEE}
}
@inproceedings{yin2017efficient,
  title={Efficient 3D LIDAR based loop closing using deep neural network},
  author={Yin, Huan and Ding, Xiaqing and Tang, Li and Wang, Yue and Xiong, Rong},
  booktitle={2017 IEEE International Conference on Robotics and Biomimetics (ROBIO)},
  pages={481--486},
  year={2017},
  organization={IEEE}
}
@article{dube2020segmap,
  title={SegMap: Segment-based mapping and localization using data-driven descriptors},
  author={Dube, Renaud and Cramariuc, Andrei and Dugas, Daniel and Sommer, Hannes and Dymczyk, Marcin and Nieto, Juan and Siegwart, Roland and Cadena, Cesar},
  journal={The International Journal of Robotics Research},
  volume={39},
  number={2-3},
  pages={339--355},
  year={2020},
  publisher={Sage Publications Sage UK: London, England}
}
@inproceedings{uy2018pointnetvlad,
  title={Pointnetvlad: Deep point cloud based retrieval for large-scale place recognition},
  author={Uy, Mikaela Angelina and Lee, Gim Hee},
  booktitle={Proceedings of the IEEE conference on computer vision and pattern recognition},
  pages={4470--4479},
  year={2018}
}
@inproceedings{arandjelovic2016netvlad,
  title={NetVLAD: CNN architecture for weakly supervised place recognition},
  author={Arandjelovic, Relja and Gronat, Petr and Torii, Akihiko and Pajdla, Tomas and Sivic, Josef},
  booktitle={Proceedings of the IEEE conference on computer vision and pattern recognition},
  pages={5297--5307},
  year={2016}
}
@inproceedings{gicp,
  title={Generalized-icp.},
  author={Segal, Aleksandr and Haehnel, Dirk and Thrun, Sebastian},
  booktitle={Robotics: science and systems},
  volume={2},
  number={4},
  pages={435},
  year={2009},
  organization={Seattle, WA}
}
@inproceedings{eicp,
  title={Efficient variants of the ICP algorithm},
  author={Rusinkiewicz, Szymon and Levoy, Marc},
  booktitle={Proceedings third international conference on 3-D digital imaging and modeling},
  pages={145--152},
  year={2001},
  organization={IEEE}
}
@inproceedings{ndt,
  title={The normal distributions transform: A new approach to laser scan matching},
  author={Biber, Peter and Stra{\ss}er, Wolfgang},
  booktitle={Proceedings 2003 IEEE/RSJ International Conference on Intelligent Robots and Systems (IROS 2003)(Cat. No. 03CH37453)},
  volume={3},
  pages={2743--2748},
  year={2003},
  organization={IEEE}
}
@inproceedings{3DSIFT,
  title={A 3-dimensional sift descriptor and its application to action recognition},
  author={Scovanner, Paul and Ali, Saad and Shah, Mubarak},
  booktitle={Proceedings of the 15th ACM international conference on Multimedia},
  pages={357--360},
  year={2007}
}
@article{link3d,
  title={Link3d: Linear keypoints representation for 3d lidar point cloud},
  author={Cui, Yunge and Zhang, Yinlong and Dong, Jiahua and Sun, Haibo and Zhu, Feng},
  journal={arXiv preprint arXiv:2206.05927},
  year={2022}
}
@inproceedings{3dsurf,
  title={Hough transform and 3D SURF for robust three dimensional classification},
  author={Knopp, Jan and Prasad, Mukta and Willems, Geert and Timofte, Radu and Gool, Luc Van},
  booktitle={European Conference on Computer Vision},
  pages={589--602},
  year={2010},
  organization={Springer}
}
@article{bow3d,
  title={BoW3D: Bag of Words for Real-Time Loop Closing in 3D LiDAR SLAM},
  author={Cui, Yunge and Chen, Xieyuanli and Zhang, Yinlong and Dong, Jiahua and Wu, Qingxiao and Zhu, Feng},
  journal={IEEE Robotics and Automation Letters},
  year={2022},
  publisher={IEEE}
}
@inproceedings{ImagingLidar,
  title={Robust Place Recognition using an Imaging Lidar},
  author={Shan, Tixiao and Englot, Brendan and Duarte, F{\'a}bio and Ratti, Carlo and Rus, Daniela},
  booktitle={2021 IEEE International Conference on Robotics and Automation (ICRA)},
  pages={5469--5475},
  year={2021},
  organization={IEEE}
}
@phdthesis{ndt3d,
  title={The three-dimensional normal-distributions transform: an efficient representation for registration, surface analysis, and loop detection},
  author={Magnusson, Martin},
  year={2009},
  school={{\"O}rebro universitet}
}
@article{ndt_histograms,
  title={Fast and accurate scan registration through minimization of the distance between compact 3D NDT representations},
  author={Stoyanov, Todor and Magnusson, Martin and Andreasson, Henrik and Lilienthal, Achim J},
  journal={The International Journal of Robotics Research},
  volume={31},
  number={12},
  pages={1377--1393},
  year={2012},
  publisher={Sage Publications Sage UK: London, England}
}
@article{SHOT,
  title={SHOT: Unique signatures of histograms for surface and texture description},
  author={Salti, Samuele and Tombari, Federico and Di Stefano, Luigi},
  journal={Computer Vision and Image Understanding},
  volume={125},
  pages={251--264},
  year={2014},
  publisher={Elsevier}
}
@inproceedings{vote,
  title={Place recognition using keypoint voting in large 3D lidar datasets},
  author={Bosse, Michael and Zlot, Robert},
  booktitle={2013 IEEE International Conference on Robotics and Automation},
  pages={2677--2684},
  year={2013},
  organization={IEEE}
}
@inproceedings{bow,
  title={Place recognition in 3D scans using a combination of bag of words and point feature based relative pose estimation},
  author={Steder, Bastian and Ruhnke, Michael and Grzonka, Slawomir and Burgard, Wolfram},
  booktitle={2011 IEEE/RSJ International Conference on Intelligent Robots and Systems},
  pages={1249--1255},
  year={2011},
  organization={IEEE}
}
@inproceedings{Tokyo24/7,
  title={24/7 place recognition by view synthesis},
  author={Torii, Akihiko and Arandjelovic, Relja and Sivic, Josef and Okutomi, Masatoshi and Pajdla, Tomas},
  booktitle={Proceedings of the IEEE conference on computer vision and pattern recognition},
  pages={1808--1817},
  year={2015}
}

@inproceedings{NDD,
  title={NDD: A 3D Point Cloud Descriptor Based on Normal Distribution for Loop Closure Detection},
  author={Zhou, Ruihao and He, Li and Zhang, Hong and Lin, Xubin and Guan, Yisheng},
  booktitle={2022 IEEE/RSJ International Conference on Intelligent Robots and Systems (IROS)},
  pages={1328--1335},
  year={2022},
  organization={IEEE}
}

@article{KITTI,
  title={Vision meets robotics: The kitti dataset},
  author={Geiger, Andreas and Lenz, Philip and Stiller, Christoph and Urtasun, Raquel},
  journal={The International Journal of Robotics Research},
  volume={32},
  number={11},
  pages={1231--1237},
  year={2013},
  publisher={Sage Publications Sage UK: London, England}
}

@inproceedings{LIOSAM,
  title={LIO-SAM: Tightly-coupled Lidar Inertial Odometry via Smoothing and Mapping},
  author={Shan, Tixiao and Englot, Brendan and Meyers, Drew and Wang, Wei and Ratti, Carlo and Rus Daniela},
  booktitle={IEEE/RSJ International Conference on Intelligent Robots and Systems (IROS)},
  pages={5135-5142},
  year={2020},
  organization={IEEE}
}

@inproceedings{opscf,
  title={Optimized SC-F-LOAM: Optimized Fast LiDAR Odometry and Mapping Using Scan Context},
  author={Liao, Lizhou and Fu, Chunyun and Feng, Binbin and Su, Tian},
  booktitle={2022 6th CAA International Conference on Vehicular Control and Intelligence (CVCI)},
  pages={1--6},
  year={2022},
  organization={IEEE}
}

@inproceedings{zhou2021ndt,
  title={Ndt-transformer: Large-scale 3d point cloud localisation using the normal distribution transform representation},
  author={Zhou, Zhicheng and Zhao, Cheng and Adolfsson, Daniel and Su, Songzhi and Gao, Yang and Duckett, Tom and Sun, Li},
  booktitle={2021 IEEE International Conference on Robotics and Automation (ICRA)},
  pages={5654--5660},
  year={2021},
  organization={IEEE}
}