@inproceedings{shan2020lio,
  title={Lio-sam: Tightly-coupled lidar inertial odometry via smoothing and mapping},
  author={Shan, Tixiao and Englot, Brendan and Meyers, Drew and Wang, Wei and Ratti, Carlo and Rus, Daniela},
  booktitle={2020 IEEE/RSJ international conference on intelligent robots and systems (IROS)},
  pages={5135--5142},
  year={2020},
  organization={IEEE}
}

@inproceedings{ye2019tightly,
  title={Tightly coupled 3d lidar inertial odometry and mapping},
  author={Ye, Haoyang and Chen, Yuying and Liu, Ming},
  booktitle={2019 International Conference on Robotics and Automation (ICRA)},
  pages={3144--3150},
  year={2019},
  organization={IEEE}
}

@inproceedings{qin2020lins,
  title={Lins: A lidar-inertial state estimator for robust and efficient navigation},
  author={Qin, Chao and Ye, Haoyang and Pranata, Christian E and Han, Jun and Zhang, Shuyang and Liu, Ming},
  booktitle={2020 IEEE international conference on robotics and automation (ICRA)},
  pages={8899--8906},
  year={2020},
  organization={IEEE}
}
@article{chen2022direct,
  title={Direct lidar odometry: Fast localization with dense point clouds},
  author={Chen, Kenny and Lopez, Brett T and Agha-mohammadi, Ali-akbar and Mehta, Ankur},
  journal={IEEE Robotics and Automation Letters},
  volume={7},
  number={2},
  pages={2000--2007},
  year={2022},
  publisher={IEEE}
}
@article{nguyen2023slict,
  title={SLICT: Multi-Input Multi-Scale Surfel-Based Lidar-Inertial Continuous-Time Odometry and Mapping},
  author={Nguyen, Thien-Minh and Duberg, Daniel and Jensfelt, Patric and Yuan, Shenghai and Xie, Lihua},
  journal={IEEE Robotics and Automation Letters},
  volume={8},
  number={4},
  pages={2102--2109},
  year={2023},
  publisher={IEEE}
}
@article{reinke2022locus2,
  title={Locus 2.0: Robust and computationally efficient lidar odometry for real-time 3d mapping},
  author={Reinke, Andrzej and Palieri, Matteo and Morrell, Benjamin and Chang, Yun and Ebadi, Kamak and Carlone, Luca and Agha-Mohammadi, Ali-Akbar},
  journal={IEEE Robotics and Automation Letters},
  volume={7},
  number={4},
  pages={9043--9050},
  year={2022},
  publisher={IEEE}
}
@article{palieri2020locus,
  title={Locus: A multi-sensor lidar-centric solution for high-precision odometry and 3d mapping in real-time},
  author={Palieri, Matteo and Morrell, Benjamin and Thakur, Abhishek and Ebadi, Kamak and Nash, Jeremy and Chatterjee, Arghya and Kanellakis, Christoforos and Carlone, Luca and Guaragnella, Cataldo and Agha-Mohammadi, Ali-akbar},
  journal={IEEE Robotics and Automation Letters},
  volume={6},
  number={2},
  pages={421--428},
  year={2020},
  publisher={IEEE}
}

@article{ramezani2022wildcat,
  title={Wildcat: Online continuous-time 3d lidar-inertial slam},
  author={Ramezani, Milad and Khosoussi, Kasra and Catt, Gavin and Moghadam, Peyman and Williams, Jason and Borges, Paulo and Pauling, Fred and Kottege, Navinda},
  journal={arXiv preprint arXiv:2205.12595},
  year={2022}
}

@article{xu2022fast,
  title={Fast-lio2: Fast direct lidar-inertial odometry},
  author={Xu, Wei and Cai, Yixi and He, Dongjiao and Lin, Jiarong and Zhang, Fu},
  journal={IEEE Transactions on Robotics},
  volume={38},
  number={4},
  pages={2053--2073},
  year={2022},
  publisher={IEEE}
}
@inproceedings{zhang2014loam,
  title={LOAM: Lidar odometry and mapping in real-time.},
  author={Zhang, Ji and Singh, Sanjiv},
  booktitle={Robotics: Science and Systems},
  volume={2},
  number={9},
  pages={1--9},
  year={2014},
  organization={Berkeley, CA}
}
@inproceedings{rusu20113d,
  title={3d is here: Point cloud library (pcl)},
  author={Rusu, Radu Bogdan and Cousins, Steve},
  booktitle={2011 IEEE international conference on robotics and automation},
  pages={1--4},
  year={2011},
  organization={IEEE}
}
@inproceedings{badino2011fast,
  title={Fast and accurate computation of surface normals from range images},
  author={Badino, Hernan and Huber, Daniel and Park, Yongwoon and Kanade, Takeo},
  booktitle={2011 IEEE International Conference on Robotics and Automation},
  pages={3084--3091},
  year={2011},
  organization={IEEE}
}

@article{fan2021three,
  title={Three-filters-to-normal: An accurate and ultrafast surface normal estimator},
  author={Fan, Rui and Wang, Hengli and Xue, Bohuan and Huang, Huaiyang and Wang, Yuan and Liu, Ming and Pitas, Ioannis},
  journal={IEEE Robotics and Automation Letters},
  volume={6},
  number={3},
  pages={5405--5412},
  year={2021},
  publisher={IEEE}
}

@article{cai2021ikd,
  title={ikd-tree: An incremental kd tree for robotic applications},
  author={Cai, Yixi and Xu, Wei and Zhang, Fu},
  journal={arXiv preprint arXiv:2102.10808},
  year={2021}
}

@article{xu2021fast,
  title={Fast-lio: A fast, robust lidar-inertial odometry package by tightly-coupled iterated kalman filter},
  author={Xu, Wei and Zhang, Fu},
  journal={IEEE Robotics and Automation Letters},
  volume={6},
  number={2},
  pages={3317--3324},
  year={2021},
  publisher={IEEE}
}
@article{rusu2010semantic,
  title={Semantic 3D object maps for everyday manipulation in human living environments},
  author={Rusu, Radu Bogdan},
  journal={KI-K{\"u}nstliche Intelligenz},
  volume={24},
  pages={345--348},
  year={2010},
  publisher={Springer}
}

@inproceedings{besl1992method,
  title={Method for registration of 3-D shapes},
  author={Besl, Paul J and McKay, Neil D},
  booktitle={Sensor fusion IV: control paradigms and data structures},
  volume={1611},
  pages={586--606},
  year={1992},
  organization={Spie}
}

@inproceedings{shan2018lego,
  title={Lego-loam: Lightweight and ground-optimized lidar odometry and mapping on variable terrain},
  author={Shan, Tixiao and Englot, Brendan},
  booktitle={2018 IEEE/RSJ International Conference on Intelligent Robots and Systems (IROS)},
  pages={4758--4765},
  year={2018},
  organization={IEEE}
}
@inproceedings{segal2009generalized,
  title={Generalized-icp.},
  author={Segal, Aleksandr and Haehnel, Dirk and Thrun, Sebastian},
  booktitle={Robotics: science and systems},
  volume={2},
  number={4},
  pages={435},
  year={2009},
  organization={Seattle, WA}
}

@article{kaess2012isam2,
  title={iSAM2: Incremental smoothing and mapping using the Bayes tree},
  author={Kaess, Michael and Johannsson, Hordur and Roberts, Richard and Ila, Viorela and Leonard, John J and Dellaert, Frank},
  journal={The International Journal of Robotics Research},
  volume={31},
  number={2},
  pages={216--235},
  year={2012},
  publisher={Sage Publications Sage UK: London, England}
}
@article{yuan2021pixel,
  title={Pixel-level extrinsic self calibration of high resolution lidar and camera in targetless environments},
  author={Yuan, Chongjian and Liu, Xiyuan and Hong, Xiaoping and Zhang, Fu},
  journal={IEEE Robotics and Automation Letters},
  volume={6},
  number={4},
  pages={7517--7524},
  year={2021},
  publisher={IEEE}
}

@article{yuan2022efficient,
  title={Efficient and probabilistic adaptive voxel mapping for accurate online lidar odometry},
  author={Yuan, Chongjian and Xu, Wei and Liu, Xiyuan and Hong, Xiaoping and Zhang, Fu},
  journal={IEEE Robotics and Automation Letters},
  volume={7},
  number={3},
  pages={8518--8525},
  year={2022},
  publisher={IEEE}
}

@article{mcdonnell1981box,
  title={Box-filtering techniques},
  author={McDonnell, MJ},
  journal={Computer graphics and image processing},
  volume={17},
  number={1},
  pages={65--70},
  year={1981},
  publisher={Elsevier}
}

@article{zhou2021lidar,
  title={LiDAR SLAM with plane adjustment for indoor environment},
  author={Zhou, Lipu and Koppel, Daniel and Kaess, Michael},
  journal={IEEE Robotics and Automation Letters},
  volume={6},
  number={4},
  pages={7073--7080},
  year={2021},
  publisher={IEEE}
}

@article{yin2021m2dgr,
  title={M2dgr: A multi-sensor and multi-scenario slam dataset for ground robots},
  author={Yin, Jie and Li, Ang and Li, Tao and Yu, Wenxian and Zou, Danping},
  journal={IEEE Robotics and Automation Letters},
  volume={7},
  number={2},
  pages={2266--2273},
  year={2021},
  publisher={IEEE}
}

@article{nguyen2022ntu,
  title={Ntu viral: A visual-inertial-ranging-lidar dataset, from an aerial vehicle viewpoint},
  author={Nguyen, Thien-Minh and Yuan, Shenghai and Cao, Muqing and Lyu, Yang and Nguyen, Thien H and Xie, Lihua},
  journal={The International Journal of Robotics Research},
  volume={41},
  number={3},
  pages={270--280},
  year={2022},
  publisher={SAGE Publications Sage UK: London, England}
}

@book{chandra2001parallel,
  title={Parallel programming in OpenMP},
  author={Chandra, Rohit and Dagum, Leo and Kohr, David and Menon, Ramesh and Maydan, Dror and McDonald, Jeff},
  year={2001},
  publisher={Morgan kaufmann}
}