@article{yin2021m2dgr,
  title={{M2DGR:} {A} multi-sensor and multi-scenario {SLAM} dataset for ground robots},
  author={Yin, Jie and Li, Ang and Li, Tao and Yu, Wenxian and Zou, Danping},
  journal={RA-L},
  year={2022}
}

@inproceedings{zhang2014loam,
  title={{LOAM:} {Lidar} odometry and mapping in real-time},
  author={Zhang, Ji and Singh, Sanjiv},
  booktitle={RSS},
  year={2014}
}


@inproceedings{zhang2015visual,
  title={Visual-lidar odometry and mapping: Low-drift, robust, and fast},
  author={Zhang, Ji and Singh, Sanjiv},
  booktitle={ICRA},
  year={2015}
}

@inproceedings{shan2018lego,
  title={{LeGO-LOAM:} {Lightweight} and Ground-Optimized Lidar Odometry and Mapping on Variable Terrain},
  author={Shan, Tixiao and Englot, Brendan},
  booktitle={IROS},
  year={2018}
}

@inproceedings{forster2014svo,
  title={{SVO:} {Fast} semi-direct monocular visual odometry},
  author={Forster, Christian and Pizzoli, Matia and Scaramuzza, Davide},
  booktitle={ICRA},
  year={2014}
}

@article{mur2015orb,
  title={{ORB-SLAM:} {A} Versatile and Accurate Monocular SLAM System},
  author={Raul Mur{-}Artal and
                  J. M. M. Montiel and
                  Juan D. Tard{\'{o}}s},
  journal={TRO},
  year={2015}
}

@article{mur2017orb,
  title={{ORB-SLAM2:} {An} Open-Source {SLAM} System for Monocular, Stereo, and {RGB-D} Cameras},
  author={Raul Mur{-}Artal and Juan D. Tard{\'{o}}s},
  journal={TRO},
  year={2017},
  publisher={IEEE}
}

@inproceedings{shan2021lvi,
  title={{LVI-SAM:} {Tightly-coupled} Lidar-Visual-Inertial Odometry via Smoothing and Mapping},
  author={Shan, Tixiao and Englot, Brendan and Ratti, Carlo and Rus, Daniela},
  booktitle={ICRA},
  year={2021}
}

@inproceedings{zhu2021camvox,
  title={{CamVox:} {A} Low-cost and Accurate Lidar-assisted Visual {SLAM} System},
  author={Zhu, Yuewen and Zheng, Chunran and Yuan, Chongjian and Huang, Xu and Hong, Xiaoping},
  booktitle={ICRA},
  year={2021}
}

@article{chou2021efficient,
  title={Efficient and Accurate Tightly-Coupled Visual-Lidar {SLAM}},
  author={Chou, Chih-Chung and Chou, Cheng-Fu},
  journal={T-ITS},
  year={2022}
}

@article{pandey2017mobile,
  title={Mobile robot navigation and obstacle avoidance techniques: A review},
  author={Pandey, Anish and Pandey, Shalini and Parhi, D. R.},
  journal={IRAJ},
  year={2017}
}

@article{zhu2021deep,
  title={Deep reinforcement learning based mobile robot navigation: A review},
  author={Zhu, Kai and Zhang, Tao},
  journal={Tsinghua Science and Technology},
  year={2021}
}

@article{patle2019review,
  title={A review: On path planning strategies for navigation of mobile robot},
  author={Patle, B. K. and Pandey, Anish and Parhi, D. R. K. and Jagadeesh, A. J. D. T.},
  journal={Defence Technology},
  year={2019},
  publisher={Elsevier}
}

@inproceedings{pumarola2017pl,
  title={{PL-SLAM:} {Real-time} monocular visual {SLAM} with points and lines},
  author={Pumarola, Albert and Vakhitov, Alexander and Agudo, Antonio and Sanfeliu, Alberto and Moreno-Noguer, Francese},
  booktitle={ICRA},
  year={2017}
}

@article{lee2021plf,
  title={{PLF-VINS:} {Real-time} monocular visual-inertial {SLAM} with point-line fusion and parallel-line fusion},
  author={Lee, Junesuk and Park, Soon-Yong},
  journal={RA-L},
  year={2021},
  publisher={IEEE}
}

@article{fang2020visual,
  title={A visual {SLAM} method based on point-line fusion in weak-matching scene},
  author={Fang, Baofu and Zhan, Zhiqiang},
  journal={IJARS},
  year={2020}
}

@inproceedings{deschaud2018imls,
  title={{IMLS-SLAM:} {Scan-to-model} matching based on {3D} data},
  author={Deschaud, Jean-Emmanuel},
  booktitle={ICRA},
  year={2018}
}

@inproceedings{mourikis2007multi,
  title={A multi-state constraint Kalman filter for vision-aided inertial navigation},
  author={Anastasios I. Mourikis and Stergios I. Roumeliotis},
  booktitle={ICRA},
  year={2007}
}

@inproceedings{zhang2014real,
  title={Real-time depth enhanced monocular odometry},
  author={Zhang, Ji and Kaess, Michael and Singh, Sanjiv},
  booktitle={IROS},
  year={2014}
}

@article{zhang2017real,
  title={A real-time method for depth enhanced visual odometry},
  author={Zhang, Ji and Kaess, Michael and Singh, Sanjiv},
  journal={Autonomous Robots},
  year={2017}
}

@inproceedings{liang2016visual,
  title={Visual {laser-SLAM} in large-scale indoor environments},
  author={Liang, Xiao and Chen, Haoyao and Li, Yanjie and Liu, Yunhui},
  booktitle={ROBIO},
  year={2016}
}

@inproceedings{graeter2018limo,
  title={{LIMO:} {Lidar-monocular} Visual Odometry},
  author={Graeter, Johannes and Wilczynski, Alexander and Lauer, Martin},
  booktitle={IROS},
  year={2018}
}

@article{leutenegger2015keyframe,
  title={Keyframe-based visual-inertial odometry using nonlinear optimization},
  author={Leutenegger, Stefan and Lynen, Simon and Bosse, Michael and Siegwart, Roland and Furgale, Paul},
  journal={IJRR},
  year={2015}
}

@article{mur2017visual,
  title={Visual-inertial monocular {SLAM} with map reuse},
  author={Raul Mur{-}Artal and Juan D. Tard{\'{o}}s},
  journal={RA-L},
  year={2017},
  publisher={IEEE}
}

@article{campos2021orb,
  title={{ORB-SLAM3:} An Accurate Open-Source Library for Visual, Visual-Inertial, and Multimap {SLAM}},
  author={Carlos Campos and
                  Richard Elvira and
                  Juan J. G{\'{o}}mez Rodr{\'{\i}}guez and
                  Jos{\'{e}} M. M. Montiel and
                  Juan D. Tard{\'{o}}s},
  journal={TRO},
  year={2021}
}

@article{chen2018review,
  title={A review of visual-inertial simultaneous localization and mapping from filtering-based and optimization-based perspectives},
  author={Chen, Chang and Zhu, Hua and Li, Menggang and You, Shaoze},
  journal={Robotics},
  year={2018}
}

@inproceedings{geneva2020openvins,
  title={{OpenVINS:} {A} Research Platform for Visual-Inertial Estimation},
  author={Geneva, Patrick and Eckenhoff, Kevin and Lee, Woosik and Yang, Yulin and Huang, Guoquan},
  booktitle={ICRA},
  year={2020}
}

@inproceedings{zuo2019lic,
  title={{LIC-Fusion:} {LiDAR-inertial-xamera} Odometry},
  author={Zuo, Xingxing and Geneva, Patrick and Lee, Woosik and Liu, Yong and Huang, Guoquan},
  booktitle={IROS},
  year={2019}
}

@article{lin2021r,
  title={{R$^{2}$LIVE:} {A} Robust, Real-Time, {LiDAR-inertial-visual} Tightly-Coupled State Estimator and Mapping},
  author={Lin, Jiarong and Zheng, Chunran and Xu, Wei and Zhang, Fu},
  journal={RA-L},
  year={2021},
  publisher={IEEE}
}

@inproceedings{zuo2020lic,
  title={{LIC-Fusion 2.0:} {LiDAR-inertial-camera} Odometry with Sliding-Window Plane-Feature Tracking},
  author={Zuo, Xingxing and Yang, Yulin and Geneva, Patrick and Lv, Jiajun and Liu, Yong and Huang, Guoquan and Pollefeys, Marc},
  booktitle={IROS},
  year={2020}
}

@inproceedings{lin2022r,
  title={{R$^{2}$LIVE:} {A} Robust, Real-time, {RGB-colored,} {LiDAR-inertial-visual} tightly-coupled state Estimation and mapping package},
  author={Lin, Jiarong and Zhang, Fu},
  booktitle={ICRA},
  year={2022},
}

@inproceedings{ram2021rp,
  title={{RP-VIO:} {Robust} Plane-based Visual-Inertial Odometry for Dynamic Environments},
  author={Karnik Ram and
                  Chaitanya Kharyal and
                  Sudarshan S. Harithas and
                  K. Madhava Krishna},
  booktitle={IROS},
  year={2021}
}

@article{zhang2020plane,
  title={Plane-aided visual-inertial odometry for {6-DOF} pose estimation of a robotic navigation aid},
  author={Zhang, He and Ye, Cang},
  journal={IEEE Access},
  year={2020},
  publisher={IEEE}
}

@article{shu2022structure,
  title={Structure {PLP-SLAM}: {Efficient} Sparse Mapping and Localization using Point, Line and Plane for Monocular, {RGB-D} and Stereo Cameras},
  author={Shu, Fangwen and Wang, Jiaxuan and Pagani, Alain and Stricker, Didier},
  journal={arXiv preprint arXiv:2207.06058},
  year={2022}
}

@article{shin2020dvl,
  title={DVL-SLAM: Sparse depth enhanced direct visual-LiDAR SLAM},
  author={Shin, Young-Sik and Park, Yeong Sang and Kim, Ayoung},
  journal={Autonomous Robots},
  year={2020},
  publisher={Springer}
}

@inproceedings{seo2019tight,
  title={A tight coupling of vision-lidar measurements for an effective odometry},
  author={Seo, Youngwoo and Chou, Chih-Chung},
  booktitle={IV},
  year={2019}
}

@inproceedings{huang2020lidar,
  title={Lidar-monocular visual odometry using point and line features},
  author={Huang, Shi-Sheng and Ma, Ze-Yu and Mu, Tai-Jiang and Fu, Hongbo and Hu, Shi-Min},
  booktitle={ICRA},
  year={2020}
}

@inproceedings{smith2006real,
  title={Real-time monocular {SLAM} with straight lines},
  author={Paul Smith and
                  Ian Reid and
                  Andrew J. Davison},
  year={2006},
  booktitle={BMVC}
}

@inproceedings{gee2006real,
  title={Real-time model-based {SLAM} using line segments},
  author={Andrew P. Gee and Walterio W. Mayol{-}Cuevas},
  booktitle={ISVC},
  year={2006}
}

@article{gomez2019pl,
  title={{PL-SLAM:} {A} stereo {SLAM} system through the combination of points and line segments},
  author={Gomez-Ojeda, Ruben and Moreno, Francisco-Angel and Zuniga-No{\"e}l, David and Scaramuzza, Davide and Gonzalez-Jimenez, Javier},
  journal={TRO},
  year={2019},
  publisher={IEEE}
}

@article{bartoli2005structure,
  title={Structure-from-motion using lines: Representation, triangulation, and bundle adjustment},
  author={Bartoli, Adrien and Sturm, Peter},
  journal={CVIU},
  year={2005},
  publisher={Elsevier}
}

@inproceedings{lee2019elaborate,
  title={Elaborate Monocular Point and Line {SLAM} With Robust Initialization},
  author={Lee, Sang Jun and Hwang, Sung Soo},
  booktitle={ICCV},
  year={2019}
}

@inproceedings{yang2019visual,
  title={Visual-inertial odometry with point and line features},
  author={Yang, Yulin and Geneva, Patrick and Eckenhoff, Kevin and Huang, Guoquan},
  booktitle={IROS},
  year={2019}
}

@inproceedings{lim2021avoiding,
  title={Avoiding degeneracy for monocular visual {SLAM} with point and line features},
  author={Lim, Hyunjun and Kim, Yeeun and Jung, Kwangik and Hu, Sumin and Myung, Hyun},
  booktitle={ICRA},
  year={2021}
}

@article{georgis2022vp,
  title={{VP-SLAM:} {A} Monocular Real-time Visual {SLAM} with Points, Lines and Vanishing Points},
  author={Georgis, Andreas and Mermigkas, Panagiotis and Maragos, Petros},
  journal={arXiv preprint arXiv:2210.12756},
  year={2022}
}

@article{lim2022uv,
  title={{UV-SLAM:} {Unconstrained} line-based {SLAM} using vanishing points for structural mapping},
  author={Lim, Hyunjun and Jeon, Jinwoo and Myung, Hyun},
  journal={RA-L},
  year={2022},
  publisher={IEEE}
}

@inproceedings{wang2021vanishing,
  title={Vanishing Point Aided {LiDAR-visual-inertial} Estimator},
  author={Wang, Peng and Fang, Zheng and Zhao, Shibo and Chen, Yongnan and Zhou, Ming and An, Shan},
  booktitle={ICRA},
  year={2021}
}

@inproceedings{pan2021mulls,
  title={{MULLS:} {Versatile} {LiDAR} {SLAM} via multi-metric linear least square},
  author={Pan, Yue and Xiao, Pengchuan and He, Yujie and Shao, Zhenlei and Li, Zesong},
  booktitle={ICRA},
  year={2021}
}

@inproceedings{engel2014lsd,
  title={{LSD-SLAM:} {Large-scale} direct monocular {SLAM}},
  author={Engel, Jakob and Sch{\"o}ps, Thomas and Cremers, Daniel},
  booktitle={ECCV},
  year={2014}
}

@inproceedings{rublee2011orb,
  title={{ORB:} {An} efficient alternative to {SIFT} or {SURF}},
  author={Rublee, Ethan and Rabaud, Vincent and Konolige, Kurt and Bradski, Gary},
  booktitle={ICCV},
  year={2011}
}

@article{zhang2015building,
  title={Building a {3-D} line-based map using stereo {SLAM}},
  author={Zhang, Guoxuan and Lee, Jin Han and Lim, Jongwoo and Suh, Il Hong},
  journal={TRO},
  year={2015},
  publisher={IEEE}
}

@article{weinmann2013feature,
  title={Feature relevance assessment for the semantic interpretation of {3D} point cloud data},
  author={Weinmann, Martin and Jutzi, Boris and Mallet, Cl{\'e}ment},
  journal={ISPRS Annals of the Photogrammetry, Remote Sensing and Spatial Information Sciences},
  year={2013}
}

@article{hackel2016fast,
  title={Fast semantic segmentation of {3D} point clouds with strongly varying density},
  author={Hackel, Timo and Wegner, Jan D. and Schindler, Konrad},
  journal={ISPRS Annals of the Photogrammetry, Remote Sensing and Spatial Information Sciences},
  year={2016}
}

@article{besl1992method,
  title={Method for registration of {3-D} shapes},
  author={Paul J. Besl and
                  Neil D. McKay},
  journal={TPAMI},
  year={1992}
}

@book{mark2008computational,
  title={Computational geometry algorithms and applications},
  author={Mark, de Berg and Otfried, Cheong and Marc, van Kreveld and Mark, Overmars},
  year={2008},
  publisher={Spinger}
}

@article{sasaki2009human,
  title={Human-observation-based extraction of path patterns for mobile robot navigation},
  author={Sasaki, Takeshi and Brscic, Drazen and Hashimoto, Hideki},
  journal={TIE},
  year={2010},
  publisher={IEEE}
}

@article{cortes2007assistive,
  title={Assistive wheelchair navigation: A cognitive view},
  author={Ulises Cort{\'{e}}s and
                  Cristina Urdiales and
                  Roberta Annicchiarico and
                  Cristian Barru{\'{e}} and
                  Antonio B. Mart{\'{\i}}nez and
                  Carlo Caltagirone},
  journal={Advanced Computational Intelligence Paradigms in Healthcare--1},
  year={2007}
}

@article{qu2021outline,
  title={An outline of multi-sensor fusion methods for mobile agents indoor navigation},
  author={Qu, Yuanhao and Yang, Minghao and Zhang, Jiaqing and Xie, Wu and Qiang, Baohua and Chen, Jinlong},
  journal={Sensors},
  year={2021},
  publisher={MDPI}
}

@inproceedings{orciuoli2015agent,
  title={An agent-based framework for indoor navigation in blended shopping},
  author={Orciuoli, Francesco and Parente, Mimmo},
  booktitle={SSCI},
  year={2015}
}

@inproceedings{abbenseth2017cloud,
  title={Cloud-based cooperative navigation for mobile service robots in dynamic industrial environments},
  author={Abbenseth, Jannik and Lopez, Felipe Garcia and Henkel, Christian and D{\"o}rr, Stefan},
  booktitle={SAC},
  year={2017}
}

@inproceedings{lopez2017predictive,
  title={A predictive online path planning and optimization approach for cooperative mobile service robot navigation in industrial applications},
  author={Lopez, Felipe Garcia and Abbenseth, Jannik and Henkel, Christian and D{\"o}rr, Stefan},
  booktitle={ECMR},
  year={2017}
}