%1
@article{chen2021moving,
  title={Moving Object Segmentation in 3D LiDAR Data: A Learning-based Approach Exploiting Sequential Data},
  author={Chen, Xieyuanli and Li, Shijie and Mersch, Benedikt and Wiesmann, Louis and Gall, J{\"u}rgen and Behley, Jens and Stachniss, Cyrill},
  journal={arXiv preprint arXiv:2105.08971},
  year={2021}
}
%2
@article{zhang2021visual,
  title={Visual place recognition: A survey from deep learning perspective},
  author={Zhang, Xiwu and Wang, Lei and Su, Yan},
  journal={Pattern Recognition},
  volume={113},
  pages={107760},
  year={2021},
  publisher={Elsevier}
}
%3
@article{yuan2019novel,
  title={A Novel Approach to Image-Sequence-Based Mobile Robot Place Recognition},
  author={Yuan, Jing and Zhu, Wenbin and Dong, Xingliang and Sun, Fengchi and Zhang, Xuebo and Sun, Qinxuan and Huang, Yalou},
  journal={IEEE Transactions on Systems, Man, and Cybernetics: Systems},
  year={2019},
  publisher={IEEE}
}
%4
@article{piasco2018survey,
  title={A survey on visual-based localization: On the benefit of heterogeneous data},
  author={Piasco, Nathan and Sidib{\'e}, D{\'e}sir{\'e} and Demonceaux, C{\'e}dric and Gouet-Brunet, Val{\'e}rie},
  journal={Pattern Recognition},
  volume={74},
  pages={90--109},
  year={2018},
  publisher={Elsevier}
}
%5
@inproceedings{milioto2019rangenet++,
  title={Rangenet++: Fast and accurate lidar semantic segmentation},
  author={Milioto, Andres and Vizzo, Ignacio and Behley, Jens and Stachniss, Cyrill},
  booktitle={2019 IEEE/RSJ International Conference on Intelligent Robots and Systems (IROS)},
  pages={4213--4220},
  year={2019},
  organization={IEEE}
}
%6
@article{cortinhal2020salsanext,
  title={SalsaNext: fast, uncertainty-aware semantic segmentation of LiDAR point clouds for autonomous driving},
  author={Cortinhal, Tiago and Tzelepis, George and Aksoy, Eren Erdal},
  journal={arXiv preprint arXiv:2003.03653},
  year={2020}
}
%7
@inproceedings{hu2020randla,
  title={Randla-net: Efficient semantic segmentation of large-scale point clouds},
  author={Hu, Qingyong and Yang, Bo and Xie, Linhai and Rosa, Stefano and Guo, Yulan and Wang, Zhihua and Trigoni, Niki and Markham, Andrew},
  booktitle={Proceedings of the IEEE/CVF Conference on Computer Vision and Pattern Recognition},
  pages={11108--11117},
  year={2020}
}
%8
@inproceedings{zhang2020deep,
  title={Deep fusionnet for point cloud semantic segmentation},
  author={Zhang, Feihu and Fang, Jin and Wah, Benjamin and Torr, Philip},
  booktitle={Computer Vision--ECCV 2020: 16th European Conference, Glasgow, UK, August 23--28, 2020, Proceedings, Part XXIV 16},
  pages={644--663},
  year={2020},
  organization={Springer}
}
%9
@inproceedings{wu2018squeezeseg,
  title={Squeezeseg: Convolutional neural nets with recurrent crf for real-time road-object segmentation from 3d lidar point cloud},
  author={Wu, Bichen and Wan, Alvin and Yue, Xiangyu and Keutzer, Kurt},
  booktitle={2018 IEEE International Conference on Robotics and Automation (ICRA)},
  pages={1887--1893},
  year={2018},
  organization={IEEE}
}
%10
@inproceedings{behley2019semantickitti,
  title={Semantickitti: A dataset for semantic scene understanding of lidar sequences},
  author={Behley, Jens and Garbade, Martin and Milioto, Andres and Quenzel, Jan and Behnke, Sven and Stachniss, Cyrill and Gall, Jurgen},
  booktitle={Proceedings of the IEEE/CVF International Conference on Computer Vision},
  pages={9297--9307},
  year={2019}
}
%11
@inproceedings{wu2019squeezesegv2,
  title={Squeezesegv2: Improved model structure and unsupervised domain adaptation for road-object segmentation from a lidar point cloud},
  author={Wu, Bichen and Zhou, Xuanyu and Zhao, Sicheng and Yue, Xiangyu and Keutzer, Kurt},
  booktitle={2019 International Conference on Robotics and Automation (ICRA)},
  pages={4376--4382},
  year={2019},
  organization={IEEE}
}
%12
@inproceedings{yoon2019mapless,
  title={Mapless online detection of dynamic objects in 3d lidar},
  author={Yoon, David and Tang, Tim and Barfoot, Timothy},
  booktitle={2019 16th Conference on Computer and Robot Vision (CRV)},
  pages={113--120},
  year={2019},
  organization={IEEE}
}
%13
@inproceedings{bosse2013place,
  title={Place recognition using keypoint voting in large 3D lidar datasets},
  author={Bosse, Michael and Zlot, Robert},
  booktitle={2013 IEEE International Conference on Robotics and Automation},
  pages={2677--2684},
  year={2013},
  organization={IEEE}
}
%14
@inproceedings{he2016m2dp,
  title={M2DP: A novel 3D point cloud descriptor and its application in loop closure detection},
  author={He, Li and Wang, Xiaolong and Zhang, Hong},
  booktitle={2016 IEEE/RSJ International Conference on Intelligent Robots and Systems (IROS)},
  pages={231--237},
  year={2016},
  organization={IEEE}
}
%15
@inproceedings{wang2020lidar,
  title={Lidar iris for loop-closure detection},
  author={Wang, Ying and Sun, Zezhou and Xu, Cheng-Zhong and Sarma, Sanjay E and Yang, Jian and Kong, Hui},
  booktitle={2020 IEEE/RSJ International Conference on Intelligent Robots and Systems (IROS)},
  pages={5769--5775},
  year={2020},
  organization={IEEE}
}
%16
@inproceedings{uy2018pointnetvlad,
  title={Pointnetvlad: Deep point cloud based retrieval for large-scale place recognition},
  author={Uy, Mikaela Angelina and Lee, Gim Hee},
  booktitle={Proceedings of the IEEE Conference on Computer Vision and Pattern Recognition},
  pages={4470--4479},
  year={2018}
}
%17
@article{qi2017pointnet++,
  title={Pointnet++: Deep hierarchical feature learning on point sets in a metric space},
  author={Qi, Charles R and Yi, Li and Su, Hao and Guibas, Leonidas J},
  journal={arXiv preprint arXiv:1706.02413},
  year={2017}
}
%18
@inproceedings{arandjelovic2016netvlad,
  title={NetVLAD: CNN architecture for weakly supervised place recognition},
  author={Arandjelovic, Relja and Gronat, Petr and Torii, Akihiko and Pajdla, Tomas and Sivic, Josef},
  booktitle={Proceedings of the IEEE conference on computer vision and pattern recognition},
  pages={5297--5307},
  year={2016}
}
%19
@inproceedings{liu2019seqlpd,
  title={Seqlpd: Sequence matching enhanced loop-closure detection based on large-scale point cloud description for self-driving vehicles},
  author={Liu, Zhe and Suo, Chuanzhe and Zhou, Shunbo and Xu, Fan and Wei, Huanshu and Chen, Wen and Wang, Hesheng and Liang, Xinwu and Liu, Yun-Hui},
  booktitle={2019 IEEE/RSJ International Conference on Intelligent Robots and Systems (IROS)},
  pages={1218--1223},
  year={2019},
  organization={IEEE}
}
%20
@inproceedings{liu2019lpd,
  title={Lpd-net: 3d point cloud learning for large-scale place recognition and environment analysis},
  author={Liu, Zhe and Zhou, Shunbo and Suo, Chuanzhe and Yin, Peng and Chen, Wen and Wang, Hesheng and Li, Haoang and Liu, Yun-Hui},
  booktitle={Proceedings of the IEEE/CVF International Conference on Computer Vision},
  pages={2831--2840},
  year={2019}
}
%21
@inproceedings{kim2018scan,
  title={Scan context: Egocentric spatial descriptor for place recognition within 3d point cloud map},
  author={Kim, Giseop and Kim, Ayoung},
  booktitle={2018 IEEE/RSJ International Conference on Intelligent Robots and Systems (IROS)},
  pages={4802--4809},
  year={2018},
  organization={IEEE}
}
%22
@article{gong2021two,
  title={A two-level framework for place recognition with 3D LiDAR based on spatial relation graph},
  author={Gong, Yansong and Sun, Fengchi and Yuan, Jing and Zhu, Wenbin and Sun, Qinxuan},
  journal={Pattern Recognition},
  volume={120},
  pages={108171},
  year={2021},
  publisher={Elsevier}
}

%23
@inproceedings{zhu2021cylindrical,
  title={Cylindrical and asymmetrical 3d convolution networks for lidar segmentation},
  author={Zhu, Xinge and Zhou, Hui and Wang, Tai and Hong, Fangzhou and Ma, Yuexin and Li, Wei and Li, Hongsheng and Lin, Dahua},
  booktitle={Proceedings of the IEEE/CVF conference on computer vision and pattern recognition},
  pages={9939--9948},
  year={2021}
}
%24
@article{kipf2016semi,
  title={Semi-supervised classification with graph convolutional networks},
  author={Kipf, Thomas N and Welling, Max},
  journal={arXiv preprint arXiv:1609.02907},
  year={2016}
}
%25
@article{wang2019dynamic,
  title={Dynamic graph cnn for learning on point clouds},
  author={Wang, Yue and Sun, Yongbin and Liu, Ziwei and Sarma, Sanjay E and Bronstein, Michael M and Solomon, Justin M},
  journal={Acm Transactions On Graphics (tog)},
  volume={38},
  number={5},
  pages={1--12},
  year={2019},
  publisher={ACM New York, NY, USA}
}
%26
@inproceedings{bai2019simgnn,
  title={Simgnn: A neural network approach to fast graph similarity computation},
  author={Bai, Yunsheng and Ding, Hao and Bian, Song and Chen, Ting and Sun, Yizhou and Wang, Wei},
  booktitle={Proceedings of the Twelfth ACM International Conference on Web Search and Data Mining},
  pages={384--392},
  year={2019}
}
%27
@inproceedings{kong2020semantic,
  title={Semantic graph based place recognition for 3d point clouds},
  author={Kong, Xin and Yang, Xuemeng and Zhai, Guangyao and Zhao, Xiangrui and Zeng, Xianfang and Wang, Mengmeng and Liu, Yong and Li, Wanlong and Wen, Feng},
  booktitle={2020 IEEE/RSJ International Conference on Intelligent Robots and Systems (IROS)},
  pages={8216--8223},
  year={2020},
  organization={IEEE}
}
%28
@inproceedings{tombari2011combined,
  title={A combined texture-shape descriptor for enhanced 3D feature matching},
  author={Tombari, Federico and Salti, Samuele and Di Stefano, Luigi},
  booktitle={2011 18th IEEE international conference on image processing},
  pages={809--812},
  year={2011},
  organization={IEEE}
}
%29
@inproceedings{wohlkinger2011ensemble,
  title={Ensemble of shape functions for 3d object classification},
  author={Wohlkinger, Walter and Vincze, Markus},
  booktitle={2011 IEEE international conference on robotics and biomimetics},
  pages={2987--2992},
  year={2011},
  organization={IEEE}
}
%30
@inproceedings{rusu2010fast,
  title={Fast 3d recognition and pose using the viewpoint feature histogram},
  author={Rusu, Radu Bogdan and Bradski, Gary and Thibaux, Romain and Hsu, John},
  booktitle={2010 IEEE/RSJ International Conference on Intelligent Robots and Systems},
  pages={2155--2162},
  year={2010},
  organization={IEEE}
}
%31
@inproceedings{kim2020remove,
  title={Remove, then revert: Static point cloud map construction using multiresolution range images},
  author={Kim, Giseop and Kim, Ayoung},
  booktitle={2020 IEEE/RSJ International Conference on Intelligent Robots and Systems (IROS)},
  pages={10758--10765},
  year={2020},
  organization={IEEE}
}
%32
@inproceedings{chen2020tensor,
  title={Tensor low-rank reconstruction for semantic segmentation},
  author={Chen, Wanli and Zhu, Xinge and Sun, Ruoqi and He, Junjun and Li, Ruiyu and Shen, Xiaoyong and Yu, Bei},
  booktitle={European Conference on Computer Vision},
  pages={52--69},
  year={2020},
  organization={Springer}
}
%33
@article{cao2021universal,
  title={A universal Wi-Fi fingerprint localization method based on machine learning and sample differences},
  author={Cao, Xiaoxiang and Zhuang, Yuan and Yang, Xiansheng and Sun, Xiao and Wang, Xuan},
  journal={Satellite Navigation},
  volume={2},
  number={1},
  pages={1--15},
  year={2021},
  publisher={Springer}
}
%34
@article{xu2021distributed,
  title={Distributed Kalman filter for UWB/INS integrated pedestrian localization under colored measurement noise},
  author={Xu, Yuan and Cao, Jing and Shmaliy, Yuriy S and Zhuang, Yuan},
  journal={Satellite Navigation},
  volume={2},
  number={1},
  pages={1--10},
  year={2021},
  publisher={Springer}
}
%35
@inproceedings{huai2021consistent,
  title={Consistent right-invariant fixed-lag smoother with application to visual inertial SLAM},
  author={Huai, Jianzhu and Lin, Yukai and Zhuang, Yuan and Shi, Min},
  booktitle={Proceedings of the AAAI Conference on Artificial Intelligence},
  volume={35},
  number={7},
  pages={6084--6092},
  year={2021},
  organization={ASSOC ADVANCEMENT ARTIFICIAL INTELLIGENCE}
}

%36
@article{you2018joint,
  title={Joint 2-D--3-D traffic sign landmark data set for geo-localization using mobile laser scanning data},
  author={You, Changbin and Wen, Chenglu and Wang, Cheng and Li, Jonathan and Habib, Ayman},
  journal={IEEE Transactions on Intelligent Transportation Systems},
  volume={20},
  number={7},
  pages={2550--2565},
  year={2018},
  publisher={IEEE}
}

@article{ravi2019lane,
  title={Lane width estimation in work zones using LiDAR-based mobile mapping systems},
  author={Ravi, Radhika and Cheng, Yi-Ting and Lin, Yi-Chun and Lin, Yun-Jou and Hasheminasab, Seyyed Meghdad and Zhou, Tian and Flatt, John Evan and Habib, Ayman},
  journal={IEEE Transactions on Intelligent Transportation Systems},
  volume={21},
  number={12},
  pages={5189--5212},
  year={2019},
  publisher={IEEE}
}

@article{chou2021efficient,
  title={Efficient and Accurate Tightly-Coupled Visual-Lidar SLAM},
  author={Chou, Chih-Chung and Chou, Cheng-Fu},
  journal={IEEE Transactions on Intelligent Transportation Systems},
  year={2021},
  publisher={IEEE}
}

@article{corcoran2011background,
  title={Background foreground segmentation for SLAM},
  author={Corcoran, Padraig and Winstanley, Adam and Mooney, Peter and Middleton, Rick},
  journal={IEEE Transactions on Intelligent Transportation Systems},
  volume={12},
  number={4},
  pages={1177--1183},
  year={2011},
  publisher={IEEE}
}

@article{li2021rethinking,
  title={Rethinking 3-D LiDAR Point Cloud Segmentation},
  author={Li, Shijie and Liu, Yun and Gall, Juergen},
  journal={IEEE Transactions on Neural Networks and Learning Systems},
  year={2021},
  publisher={IEEE}
}

@article{li2020deep,
  title={Deep learning for lidar point clouds in autonomous driving: A review},
  author={Li, Ying and Ma, Lingfei and Zhong, Zilong and Liu, Fei and Chapman, Michael A and Cao, Dongpu and Li, Jonathan},
  journal={IEEE Transactions on Neural Networks and Learning Systems},
  volume={32},
  number={8},
  pages={3412--3432},
  year={2020},
  publisher={IEEE}
}

@article{wu2020robust,
  title={Robust LiDAR-based localization scheme for unmanned ground vehicle via multisensor fusion},
  author={Wu, Yuanqing and Li, Yanzhou and Li, Wenhao and Li, Hongyi and Lu, Renquan},
  journal={IEEE Transactions on Neural Networks and Learning Systems},
  volume={32},
  number={12},
  pages={5633--5643},
  year={2020},
  publisher={IEEE}
}


@article{du2022novel,
  title={A Novel Local-Global Graph Convolutional Method for Point Cloud Semantic Segmentation},
  author={Du, Zijin and Ye, Hailiang and Cao, Feilong},
  journal={IEEE Transactions on Neural Networks and Learning Systems},
  year={2022},
  publisher={IEEE}
}


%10
@article{alonso20203d,
  title={3d-mininet: Learning a 2d representation from point clouds for fast and efficient 3d lidar semantic segmentation},
  author={Alonso, Inigo and Riazuelo, Luis and Montesano, Luis and Murillo, Ana C},
  journal={IEEE Robotics and Automation Letters},
  volume={5},
  number={4},
  pages={5432--5439},
  year={2020},
  publisher={IEEE}
}


@inproceedings{zhang2014loam,
  title={LOAM: Lidar Odometry and Mapping in Real-time.},
  author={Zhang, Ji and Singh, Sanjiv},
  booktitle={Robotics: Science and Systems},
  volume={2},
  number={9},
  pages={1--9},
  year={2014},
  organization={Berkeley, CA}
}

@article{xu2021fast,
  title={Fast-lio: A fast, robust lidar-inertial odometry package by tightly-coupled iterated kalman filter},
  author={Xu, Wei and Zhang, Fu},
  journal={IEEE Robotics and Automation Letters},
  volume={6},
  number={2},
  pages={3317--3324},
  year={2021},
  publisher={IEEE}
}

@inproceedings{shan2018lego,
  title={Lego-loam: Lightweight and ground-optimized lidar odometry and mapping on variable terrain},
  author={Shan, Tixiao and Englot, Brendan},
  booktitle={2018 IEEE/RSJ International Conference on Intelligent Robots and Systems (IROS)},
  pages={4758--4765},
  year={2018},
  organization={IEEE}
}
% 19 sloam
@article{chen2020sloam,
  title={Sloam: Semantic lidar odometry and mapping for forest inventory},
  author={Chen, Steven W and Nardari, Guilherme V and Lee, Elijah S and Qu, Chao and Liu, Xu and Romero, Roseli Ap Francelin and Kumar, Vijay},
  journal={IEEE Robotics and Automation Letters},
  volume={5},
  number={2},
  pages={612--619},
  year={2020},
  publisher={IEEE}
}
% %20 visual
@inproceedings{zhang2015visual,
  title={Visual-lidar odometry and mapping: Low-drift, robust, and fast},
  author={Zhang, Ji and Singh, Sanjiv},
  booktitle={2015 IEEE International Conference on Robotics and Automation (ICRA)},
  pages={2174--2181},
  year={2015},
  organization={IEEE}
}
% %21
@article{zaganidis2018integrating,
  title={Integrating deep semantic segmentation into 3-d point cloud registration},
  author={Zaganidis, Anestis and Sun, Li and Duckett, Tom and Cielniak, Grzegorz},
  journal={IEEE Robotics and Automation Letters},
  volume={3},
  number={4},
  pages={2942--2949},
  year={2018},
  publisher={IEEE}
}
% %22g-icp
@inproceedings{segal2009generalized,
  title={Generalized-icp.},
  author={Segal, Aleksandr and Haehnel, Dirk and Thrun, Sebastian},
  booktitle={Robotics: science and systems},
  volume={2},
  number={4},
  pages={435},
  year={2009},
  organization={Seattle, WA}
}
%23 NDT
@inproceedings{biber2003normal,
  title={The normal distributions transform: A new approach to laser scan matching},
  author={Biber, Peter and Stra{\ss}er, Wolfgang},
  booktitle={Proceedings 2003 IEEE/RSJ International Conference on Intelligent Robots and Systems (IROS 2003)(Cat. No. 03CH37453)},
  volume={3},
  pages={2743--2748},
  year={2003},
  organization={IEEE}
}
% %23 suma
@inproceedings{behley2018efficient,
  title={Efficient Surfel-Based SLAM using 3D Laser Range Data in Urban Environments.},
  author={Behley, Jens and Stachniss, Cyrill},
  booktitle={Robotics: Science and Systems},
  volume={2018},
  pages={59},
  year={2018}
}

%24 suma++
@inproceedings{chen2019suma++,
  title={Suma++: Efficient lidar-based semantic slam},
  author={Chen, Xieyuanli and Milioto, Andres and Palazzolo, Emanuele and Giguere, Philippe and Behley, Jens and Stachniss, Cyrill},
  booktitle={2019 IEEE/RSJ International Conference on Intelligent Robots and Systems (IROS)},
  pages={4530--4537},
  year={2019},
  organization={IEEE}
}

%25 scan context
@inproceedings{kim2018scan,
  title={Scan context: Egocentric spatial descriptor for place recognition within 3d point cloud map},
  author={Kim, Giseop and Kim, Ayoung},
  booktitle={2018 IEEE/RSJ International Conference on Intelligent Robots and Systems (IROS)},
  pages={4802--4809},
  year={2018},
  organization={IEEE}
}
%26 ikd-tree
@article{cai2021ikd,
  title={ikd-Tree: An Incremental KD Tree for Robotic Applications},
  author={Cai, Yixi and Xu, Wei and Zhang, Fu},
  journal={arXiv preprint arXiv:2102.10808},
  year={2021}
}
%28
@inproceedings{wang2012could,
  title={What could move? finding cars, pedestrians and bicyclists in 3d laser data},
  author={Wang, Dominic Zeng and Posner, Ingmar and Newman, Paul},
  booktitle={2012 IEEE International Conference on Robotics and Automation},
  pages={4038--4044},
  year={2012},
  organization={IEEE}
}

%29 fast-lio2
@article{xu2022fast,
  title={Fast-lio2: Fast direct lidar-inertial odometry},
  author={Xu, Wei and Cai, Yixi and He, Dongjiao and Lin, Jiarong and Zhang, Fu},
  journal={IEEE Transactions on Robotics},
  year={2022},
  publisher={IEEE}
}

@article{wang2018temporal,
  title={Temporal segment networks for action recognition in videos},
  author={Wang, Limin and Xiong, Yuanjun and Wang, Zhe and Qiao, Yu and Lin, Dahua and Tang, Xiaoou and Van Gool, Luc},
  journal={IEEE transactions on pattern analysis and machine intelligence},
  volume={41},
  number={11},
  pages={2740--2755},
  year={2018},
  publisher={IEEE}
}

@inproceedings{ding2019acnet,
  title={Acnet: Strengthening the kernel skeletons for powerful cnn via asymmetric convolution blocks},
  author={Ding, Xiaohan and Guo, Yuchen and Ding, Guiguang and Han, Jungong},
  booktitle={Proceedings of the IEEE/CVF international conference on computer vision},
  pages={1911--1920},
  year={2019}
}

@inproceedings{berman2018lovasz,
  title={The lov{\'a}sz-softmax loss: A tractable surrogate for the optimization of the intersection-over-union measure in neural networks},
  author={Berman, Maxim and Triki, Amal Rannen and Blaschko, Matthew B},
  booktitle={Proceedings of the IEEE conference on computer vision and pattern recognition},
  pages={4413--4421},
  year={2018}
}


@inproceedings{landrieu2018large,
  title={Large-scale point cloud semantic segmentation with superpoint graphs},
  author={Landrieu, Loic and Simonovsky, Martin},
  booktitle={Proceedings of the IEEE conference on computer vision and pattern recognition},
  pages={4558--4567},
  year={2018}
}

%31
@inproceedings{thomas2019kpconv,
  title={Kpconv: Flexible and deformable convolution for point clouds},
  author={Thomas, Hugues and Qi, Charles R and Deschaud, Jean-Emmanuel and Marcotegui, Beatriz and Goulette, Fran{\c{c}}ois and Guibas, Leonidas J},
  booktitle={Proceedings of the IEEE/CVF international conference on computer vision},
  pages={6411--6420},
  year={2019}
}

%32
@inproceedings{wang2020intensity,
  title={Intensity scan context: Coding intensity and geometry relations for loop closure detection},
  author={Wang, Han and Wang, Chen and Xie, Lihua},
  booktitle={2020 IEEE International Conference on Robotics and Automation (ICRA)},
  pages={2095--2101},
  year={2020},
  organization={IEEE}
}
%SA-loam
@inproceedings{li2021sa,
  title={SA-LOAM: Semantic-aided LiDAR SLAM with Loop Closure},
  author={Li, Lin and Kong, Xin and Zhao, Xiangrui and Li, Wanlong and Wen, Feng and Zhang, Hongbo and Liu, Yong},
  booktitle={2021 IEEE International Conference on Robotics and Automation (ICRA)},
  pages={7627--7634},
  year={2021},
  organization={IEEE}
}
